2726 4820
140 407 143 413 ·
197 357 275 438 284
572 308 630 430 ne
654 351 920 456 conjugatione.

199 563 344 632 rioribus
371 563 424 629 vel
453 562 688 630 incertioribus
719 560 979 646 mutationibus,
1011 583 1094 650 quas
1120 557 1287 648 praesentis

200 665 446 732 terminationes
470 669 514 740 ζω
536 678 568 731 et
592 691 658 730 oon
679 665 858 755 patiuntur.
892 699 933 712 ·-
989 659 1094 752 Saepe
1122 661 1288 728 Dorienses

199 793 218 834 a
250 766 470 857 grammaticis
487 771 513 843 ¹)
547 767 721 832 traduntur
749 795 766 830 ν
786 764 992 857 pleonastice
1014 766 1050 830 in
1072 763 1289 854 praesentibus

199 871 372 953 inserere,
404 881 441 934 ut
463 867 550 934 θίνω
574 879 607 935 et
629 869 709 934 δύνει
739 894 799 959 pro
827 867 898 933 θύω
921 880 954 934 et
976 868 1051 932 δύω.
1097 867 1222 933 Veru-
1244 889 1290 930 ne·

200 995 266 1061 que
287 975 368 1038 baec
389 971 509 1038 Doridi
530 972 663 1062 propria
694 984 772 1038 sunt
801 969 900 1057 (adeo
928 996 948 1037 e
975 969 1138 1038 contrario
1165 968 1290 1056 καταίίῃ

199 1077 224 1144 2
239 1075 327 1164 sing.
342 1098 451 1164 praes.
470 1075 539 1160 obj.
563 1075 687 1162 legitur
709 1074 828 1167 Sopbr.
839 1073 896 1153 91)
917 1096 1027 1162 neque
1048 1073 1199 1162 reliqua,
1221 1094 1291 1162 qnae

200 1202 220 1244 a
243 1176 464 1269 grammaticis
486 1178 527 1242 ad
549 1177 709 1242 Doricum
737 1177 831 1243 illurn
854 1199 977 1242 morem
999 1186 1214 1258 revocantur,
1244 1197 1291 1238 ne·

201 1303 266 1371 qne
289 1291 456 1368 postremo
479 1280 514 1344 in
536 1279 673 1346 Doricis
695 1280 845 1345 fontibus
866 1279 1096 1368 reperiuntur,
1130 1277 1220 1342 unde
1246 1299 1292 1364 pa·

200 1393 285 1460 teat,
322 1383 399 1448 illos
421 1406 487 1448 non
510 1387 647 1448 omnino
668 1393 790 1448 temere
811 1383 847 1446 in
869 1382 1026 1448 hocloco
1049 1390 1194 1446 versutos
1216 1402 1291 1460 esse,

201 1509 267 1550 una
290 1484 451 1574 Hesgcbii
471 1485 582 1572 glossa
604 1496 739 1575 excepta
760 1484 915 1568 dyaeio,
947 1483 1047 1568 ἄγειν·
1078 1485 1221 1567 Κρῆτες,
1254 1481 1289 1545 ci.

203 1585 305 1670 ἇννεῖ,
331 1585 481 1670 λαμβάνει
503 1598 535 1653 et
558 1587 724 1671 dyuoodrr,
759 1587 891 1672 ἇγὴοχε·
914 1585 1087 1663 Λάκωνες,
1118 1585 1186 1674 leg.
1211 1581 1293 1668 ἀννή-

201 1713 250 1752 ιιιι
272 1699 344 1764 aut,
369 1711 469 1778 quum
491 1691 816 1779 apudeavorinnm
841 1686 975 1772 ἇγνὴσοε
996 1687 1053 1771 sit,
1077 1687 1201 1777 ἅννηνε.
1232 1686 1292 1752 Nee

204 1793 346 1858 fortasse
369 1790 475 1858 aliena
498 1803 550 1859 est
578 1793 825 1885 corruptissima
852 1793 962 1882 glossa
993 1789 1184 1874 ἀγνίναμες,
1214 1789 1291 1874 dyvo-

201 1893 337 1977 ἥκαμεν·
362 1895 503 1970 Αἰολεῖς.
953 1961 955 1964 .

272 1995 417 2085 Υ,Βῑὶηιοο
446 1996 482 2062 in
512 2023 550 2060 νν
585 2009 744 2063 exeuntes
766 1998 959 2088 plerumque
981 1996 1245 2085 conjugationem
1264 1997 1292 2058 in

202 2125 227 2164 ω
247 2098 479 2187 ἐοιιῇιιρείίοιιί
500 2100 535 2164 in
559 2126 593 2181 μι
614 2103 815 2189 praeierunt.
870 2101 919 2167 lta
950 2098 1054 2182 ὀμνύω
1083 2109 1134 2164 est
1153 2100 1191 2164 in
1213 2099 1289 2164 Cret.

200 2201 298 2270 2555.
317 2199 421 2279 2556,
446 2201 544 2282 ὤμνυε
565 2200 684 2290 Epieb.
702 2204 762 2282 71,
786 2205 905 2268 δείκνυε
925 2203 1073 2292 imperat.
1097 2201 1219 2290 Epieb.
1241 2201 1291 2265 132

202 2303 255 2380 (si
287 2303 421 2391 quidem
452 2303 671 2392 fragmentum
708 2307 890 2396 genuinum
925 2307 1020 2386 cst),
1065 2304 1291 2389 ἑννιζιυννιίουσν

202 2404 397 2470 Archimed.
422 2406 462 2472 de
477 2407 575 2472 Plan.
588 2407 674 2494 Aeg.
699 2407 770 2498 p.5
792 2419 824 2474 et
846 2429 961 2495 saepe,
986 2409 1200 2490 ἕπιζειιγννέτω
1221 2404 1290 2470 ibid.

201 2533 235 2597 p.
261 2508 321 2590 14,
362 2505 576 2575 ἀποδεικνύειν
597 2511 703 2578 Aren.
726 2535 760 2601 p.
785 2511 867 2594 3203
903 2520 1015 2575 contro
1037 2509 1292 2592 παραδεικνύντας

201 2609 314 2676 Rhod.
337 2611 440 2696 2905,
482 2611 730 2679 duodecumo&
753 2613 842 2700 sing.
868 2611 958 2677 Cret.
985 2612 1088 2689 3050,
1123 2611 1293 2678 ἀποδείκνυ-

201 2737 257 2794 μεν
280 2712 370 2778 Cret.
393 2713 492 2797 3047,
517 2715 764 2798 ε’πιζευγνύμενος
784 2707 934 2780 Ambio.
959 2715 1000 2780 de
1022 2713 1189 2806 Ptdeq.
1213 2740 1244 2805 p.
1260 2711 1293 2778 15

203 2825 235 2880 et
258 2837 374 2906 saepe,
419 2818 571 2880 δείκνυται
601 2840 635 2905 p.
659 2818 720 2901 46,
766 2819 940 2882 δείκνυνται
964 2817 1005 2882 de
1025 2816 1136 2882 Helic-
1169 2843 1204 2908 p.
1227 2817 1291 2896 233,

204 2909 388 2982 deducendae
408 2918 510 2984 Aren.
533 2943 567 3007 p.
588 2919 663 2986 324.
709 2918 772 2985 Illo
794 2919 1036 3008 conjugationis
1058 2919 1186 2986 ratione
1208 2920 1292 2998 ctiam

204 3018 278 3085 duo·
302 3019 408 3086 verbo⁴
432 3020 655 3088 Doriensibus
687 3020 819 3111 propria
850 3032 1008 3088 utuntur:
1055 3021 1213 3088 στανιίω
1243 3041 1293 3110 pro

149 3145 153 3152 ¹
203 3128 331 3206 ἵστημι,
370 3123 458 3191 unde
488 3123 686 3188 στανυέσθων
709 3122 800 3190 Cret.
824 3123 926 3208 2556,
961 3135 994 3189 et
1029 3123 1206 3202 σωννιίω,
1239 3145 1293 3212 quo

202 3221 412 3292 Dinolocbus
435 3224 570 3292 Siculus
600 3249 661 3316 pro
692 3225 782 3304 σνίζω
811 3251 892 3294 usus
924 3235 975 3292 est
1001 3226 1184 3311 secundnm
1214 3226 1293 3292 Anu.

202 3328 306 3394 near.
331 3330 414 3411 114,
437 3327 469 3395 5.

238 3573 265 3640 l)
301 3572 434 3643 Append.
454 3574 499 3628 Et.
520 3575 594 3630 Gud.
614 3579 680 3643 661,
700 3577 741 3630 84.
769 3546 884 3658 ‘simpuio
910 3574 944 3626 τὰ
963 3555 996 3634 είς
1013 3576 1033 3630 ὦ
1052 3574 1176 3648 καθαρὸν
1193 3575 1292 3645 λήγοντα

202 3660 310 3732 ῥήματα
326 3658 372 3714 dmi
388 3663 438 3714 τοῦ
453 3663 472 3714 ι7
488 3665 661 3734 προφέρουσι·
688 3658 742 3716 οἶον
769 3661 821 3716 δύο
846 3660 928 3722 δύνει,
957 3661 1018 3714 θύω
1045 3663 1137 3726 θύνει,
1174 3661 1292 3717 similior

204 3748 359 3802 Herodian.
384 3750 414 3802 in
438 3749 473 3804 H.
494 3749 549 3804 ad.
576 3751 664 3806 1205
689 3759 717 3804 et
743 3749 871 3803 Eustatb.
895 3752 957 3813 154,
980 3751 1020 3806 19.
1076 3751 1229 3804 Praeterea
1256 3745 1292 3800 hic

203 3835 325 3888 Doridis
350 3851 411 3889 mos
436 3847 669 3892 commemoratur
691 3821 727 3890 ab
745 3835 911 3890 Herodiano
934 3837 1007 3906 apud
1028 3837 1157 3891 Enststb.
1175 3839 1241 3899 562,
1256 3835 1290 3896 42.

204 3921 357 3975 Heraclide
375 3921 445 3994 ibid.
465 3927 517 3979 676
544 3935 634 3986 extr..
653 3926 723 3978 Ano.
742 3925 818 3978 Oxx.
838 3924 870 3991 Ι,
888 3928 957 3988 3133
978 3927 1029 3984 18,
1060 3925 1104 3977 Et.
1125 3925 1173 3978 Or.
1194 3927 1241 3988 49,
1258 3923 1289 3982 ld,

203 4009 248 4063 Et.
268 4009 308 4064 Μ.
328 4012 395 4075 166,
413 4013 447 4064 27
469 4043 499 4052 -
518 4014 585 4078 632,
604 4013 657 4080 22,
672 4013 717 4066 Et.
739 4009 774 4064 G.
794 4011 862 4074 434,
884 4015 932 4074 18,
951 4011 1080 4068 Eustacb.
1101 4014 1169 4076 172,
1188 4016 1221 4066 26
1238 4019 1289 4068 err..

204 4095 252 4148 obi
271 4113 309 4149 ex
326 4096 379 4150 ilio
398 4113 475 4150 more
492 4100 675 4168 explicantur
693 4098 805 4164 ἐλαύνω,
834 4098 942 4169 ίρευνῶ,
966 4097 1084 4169 φοριίνω,
1110 4097 1228 4170 ἀρτὺνιι,
1249 4098 1286 4147 do-

202 4188 269 4248 μνῶ,
297 4183 396 4247 δάκνω,
420 4187 545 4250 bigenem
562 4197 633 4253 cto,
657 4202 775 4253 quorum
800 4184 934 4239 nonnulla
958 4205 977 4237 ω
1003 4202 1056 4239 oon
1080 4202 1181 4255 purum
1199 4185 1286 4240 babere

204 4272 293 4328 vides.
