2726 4820
176 355 208 445 §.
225 353 287 431 36.
324 359 382 430 De
406 358 673 457 conjugationis
694 359 835 434 ratione
850 365 1052 438 communi.
1096 363 1172 442 293
1197 397 1199 406 ,

155 559 232 626 Non
254 561 365 626 minus
386 561 422 626 in
444 562 665 652 scriptoribus
686 589 768 654 pnra
782 565 909 634 Doride
932 571 1001 636 usis
1016 573 1172 663 pleraque

76 673 159 730 recte
189 687 209 729 a
235 660 382 730 librariis
409 665 527 730 tradita
561 679 655 732 sunta
700 667 820 756 Epiclr.
847 667 866 734 5
896 671 1098 758 γινάσκοντι,
1130 677 1171 742 25

75 765 279 848 λαμβάνοντι,
305 765 345 832 19
370 769 475 844 λάντι,
507 765 550 834 20
572 769 692 850 ἴσαντι,
723 793 823 858 quurn
845 771 1039 861 corrigenda
1061 789 1172 841 essent

74 867 245 949 εὑρήσουσι
265 869 329 950 92,
351 873 508 934 πωλοῦσιν
530 869 614 954 120,
638 869 757 958 S'oplrr.
775 871 819 936 44
840 876 1031 954 βαλλίζοντι,
1057 877 1108 943 52.
1128 879 1170 944 54

74 972 149 1048 ἀντὶ,
175 971 228 1036 33.
245 971 288 1036 44
311 974 420 1052 φαντί,
446 971 484 1036 51
509 972 689 1057 κεχάναντι,
713 971 755 1038 75
777 974 1003 1055 ἔκπιφάνοιντι,
1027 980 1085 1044 sed
1100 1003 1170 1045 cor·

71 1083 165 1161 rupta
195 1073 387 1148 κοπτάζουσι
408 1073 471 1155 43,
505 1078 567 1138 εἰσί
590 1075 671 1158 100,
716 1075 803 1164 apud
834 1078 1067 1146 Archimedem
1096 1105 1170 1148 raro

72 1174 220 1261 vulgares
236 1175 360 1240 formae
376 1175 509 1242 Doricis
531 1177 740 1243 intermixtae
762 1192 856 1257 sunt,
879 1193 916 1245 ut
936 1179 1170 1267 ἀπσδτδτλχασιν

71 1276 109 1341 de
134 1262 260 1359 Quadr.
283 1302 317 1367 p.
337 1277 395 1361 18,
422 1277 685 1344 ἀντιπεπόνθασιν
706 1279 748 1345 de
771 1279 913 1346 Conoid.
937 1308 970 1372 p.
994 1283 1069 1350 260.
1102 1283 1170 1350 De·

70 1379 171 1470 nique
199 1379 293 1444 nulla
319 1379 353 1444 iu
383 1405 419 1446 re
453 1405 566 1446 omnes
591 1379 727 1445 Doridis
762 1383 893 1466 fontes,
939 1386 996 1474 qui
1027 1385 1170 1476 aliquam

69 1482 165 1548 lidum
187 1495 373 1565 merentur,
397 1484 515 1548 melius
537 1482 728 1548 concinunt.
774 1484 941 1567 Quamdiu
958 1486 1080 1554 Dorica
1103 1490 1169 1555 dia·

68 1584 198 1668 lectus‚
232 1609 316 1674 quae
346 1584 477 1674 quidem
506 1609 545 1648 eo
573 1583 707 1648 nomine
736 1583 848 1674 aliquo
874 1586 951 1671 jure
974 1591 1167 1678 appellatur,

68 1686 220 1774 vigebat,
242 1677 323 1751 haec
344 1687 530 1752 terminatio
555 1685 588 1750 in
612 1685 780 1775 vulgarem
805 1711 871 1751 non
887 1686 979 1753 abiit.
1015 1689 1169 1759 Ceterum
1219 1761 1223 1772 ,

68 1813 134 1854 uon
157 1787 265 1852 minus
287 1813 383 1878 quarn
408 1788 556 1877 vulgaris
581 1787 734 1854 elisionis
763 1788 893 1877 patiens
924 1801 1012 1874 erat,
1046 1804 1082 1856 ut
1111 1821 1168 1857 ιτα-

68 1889 175 1956 λιονθ.’
197 1901 230 1955 et
251 1889 315 1953 ἔντ’
341 1891 459 1979 Epich.
482 1891 543 1967 23,
575 1913 682 1979 neque
704 1889 903 1955 Theocritus
926 1890 1078 1958 elisionis
1101 1896 1167 1960 evi·

67 1993 184 2058 tandac
204 1993 314 2082 legem
337 1993 418 2076 (vid.
443 1993 587 2059 Meinels.
611 2017 645 2082 p.
668 1991 732 2068 Vl)
762 1992 803 2057 ab
826 1991 910 2081 ipsis
933 1993 1067 2060 Derieis
1089 2003 1167 2083 polt-

66 2095 109 2161 tis
131 2095 270 2182 accepit.
316 2104 352 2160 N
372 2096 474 2176 ἰφιλκ.
498 2117 666 2183 nunqnam
689 2096 885 2176 assumitur,
909 2095 952 2160 cl.
976 2100 1009 2180 ᾗ.
1034 2096 1087 2180 10,
1114 2099 1165 2181 12,

66 2209 293 2286 praeterquam
317 2197 350 2261 in
374 2195 435 2260 a'orl
455 2197 541 2284 apud
563 2195 946 2286 Pseudo-Pythagoreos
968 2197 1035 2264 vid.
1060 2199 1092 2281 §-
1110 2199 1164 2266 40.

149 2297 238 2364 Mira
269 2297 428 2390 quaedam
458 2299 532 2384 ejus
564 2298 805 2364 terminationis
836 2300 973 2365 mutatio
1001 2297 1035 2364 in
1064 2300 1166 2367 Eleu·

66 2405 293 2468 tlrernaeorum
318 2400 526 2468 Cretensium
549 2401 679 2465 decreto
707 2401 927 2489 conspicitur3
970 2426 1046 2467 nam
1074 2401 1165 2467 ἀπε-

69 2505 314 2578 σιάλκοιντις
333 2505 359 2569 Ι.
382 2505 404 2568 4
424 2527 484 2592 pro
508 2501 722 2567 ἀπεστάλκασι
750 2513 783 2566 et
806 2501 1055 2585 διιξάγοντις
1076 2505 1099 2570 l.
1123 2507 1167 2570 24

64 2631 125 2694 pro
148 2605 345 2688 διεξάγουσι,
389 2629 491 2694 quum
521 2629 558 2669 se
589 2603 730 2670 invicem
752 2603 837 2668 tucri
860 2603 1053 2686 videantur,
1098 2631 1165 2672 nou

64 2707 172 2773 audeo
195 2731 268 2772 curn
291 2707 459 2773 Boeclslrio
487 2707 521 2771 in
552 2703 746 2771 ἀπέσταλται
775 2718 807 2772 et
831 2705 997 2790 διιξάγοντι
1027 2719 1163 2774 mutare.

63 2810 185 2901 Neque
206 2810 242 2874 in
266 2809 396 2875 Cretica
425 2809 499 2895 ejus
528 2808 641 2874 aetatis
674 2808 813 2875 dialecto
836 2810 958 2874 formas
981 2808 1166 2897 singulares

64 2925 98 2978 et
119 2909 359 2979 semibarbaras
382 2911 481 2976 nimis
504 2910 539 2976 in
561 2911 784 2999 suspicionem
801 2934 918 2977 vocare
933 2909 1100 2978 debemus.
1123 2953 1165 2964 --

62 3013 278 3104 Hesychisns
300 3014 410 3102 glossa
434 3012 533 3098 ἔχοντ,
557 3011 679 3097 ἔχουσι·
706 3019 829 3096 Κρῆτες
850 3015 906 3078 vix
929 3037 1006 3078 sana
1023 3025 1087 3098 est,
1109 3039 1165 3080 ne·

62 3141 130 3207 que
153 3126 262 3190 tamen
285 3114 444 3181 credibile
466 3115 617 3198 videtur,
642 3114 844 3181 notissimam
867 3115 1004 3182 formam
1026 3115 1123 3202 ἔχοντι
1147 3141 1166 3182 e

63 3218 198 3284 Cretica
220 3217 361 3283 dialecto
382 3228 543 3282 enotatam
571 3239 665 3299 esse,
699 3241 799 3308 quare
827 3217 940 3283 nescio
971 3242 1013 3282 an
1043 3218 1166 3309 corrigi

59 3321 172 3411 possit
194 3319 317 3405 ἔχονσι,
350 3317 474 3404 ἔχουσι,
514 3330 550 3382 ut
572 3317 615 3383 sit
637 3317 767 3385 dativus
789 3318 949 3408 pluraliS,
983 3320 1028 3386 cl.
1052 3320 1085 3402 §-
1110 3321 1163 3386 14.

59 3465 105 3474 -
150 3421 204 3487 De
226 3421 320 3487 tertia
341 3445 481 3511 persona
504 3419 624 3510 plurali
645 3420 784 3510 perlecti
812 3420 1006 3486 ἀπέσταλιιαι
1029 3421 1064 3486 in
1087 3421 1164 3488 titu-

59 3525 108 3591 lis
132 3524 275 3590 Creticis
298 3548 348 3588 nr.
372 3523 468 3590 3048.
493 3521 589 3589 3052.
613 3521 698 3590 3058
719 3522 805 3587 infra
829 3522 989 3590 dicemus.

151 3629 185 3706 3)
230 3624 513 3712 conjunctivi
554 3623 765 3710 objectivi
806 3626 935 3690 tertia
979 3649 1164 3714 persono

59 3726 308 3816 singularis
337 3726 417 3792 mira
447 3727 568 3793 formae
598 3725 810 3814 ambignitate
840 3726 1066 3817 insignisset.
1122 3729 1161 3793 ln

55 3831 171 3897 titulis
193 3829 283 3896 euim
304 3829 551 3896 terminationes
575 3857 605 3917 p,
629 3855 661 3906 η,
685 3852 713 3891 τι
733 3829 945 3919 reperiuntur
959 3843 1082 3919 eaeque
1095 3854 1163 3896 non

52 3932 245 3999 constantia
263 3933 401 4021 quadam
418 3932 560 4013 electae,
586 3929 643 3995 sed
667 3954 764 4020 saepe
785 3942 906 3997 tcm'ere
928 3942 960 3995 et
982 3931 1073 3997 nulla
1089 3931 1162 4018 lege

54 4036 194 4100 mixtae.
249 4035 287 4098 ln
319 4033 487 4122 plerisque
514 4031 647 4122 quidem
669 4031 778 4098 titulis
800 4033 886 4116 iota,
917 4057 1103 4123 quanquam
1128 4034 1162 4096 iu

51 4135 283 4202 declinatione
306 4144 337 4200 et
358 4135 497 4223 reliquis
521 4148 670 4201 accurate
693 4149 860 4219 servatur,
884 4159 949 4199 non
963 4135 1160 4223 adscriptum

52 4249 132 4336 esta
157 4237 330 4306 llermion.
358 4236 456 4322 1103,
481 4237 619 4326 Tegeat.
644 4237 689 4303 ll.
707 4238 748 4304 L.
773 4249 806 4304 ct
828 4236 948 4326 Agrip.
972 4231 1013 4322 ἦ,
1035 4236 1146 4325 Delph
