2726 4820
209 382 242 474 1.
266 382 326 461 33.
381 385 438 460 De
465 386 616 483 reliquis
640 383 930 484 pronominibus.
1049 391 1124 468 277

48 579 127 664 ipio
146 585 312 671 τριάκοντα
333 584 435 662 πόδας
457 585 478 668 ᾇ
502 591 536 652 dd
556 591 667 654 Ρίκατι
695 589 718 654 1.
743 613 773 654 e.
804 615 884 680 qua
905 633 947 644 --
970 617 1048 681 qua
1071 596 1124 663 vel

45 683 77 747 in
97 687 263 755 alteram
292 700 452 779 partem
481 729 523 742 -
552 689 596 754 in
626 691 820 772 alteram,
857 694 976 760 deinde
997 695 1032 760 in
1055 697 1123 786 epi·

45 799 200 873 grammate
223 789 409 882 Corcyraeo
432 792 552 858 mixtae
575 793 707 859 dialecti
729 819 779 860 nr.
807 795 890 864 1907
923 821 983 886 pro
1007 801 1062 860 καί
1080 831 1124 848 --

43 891 93 952 καί.
142 891 303 960 Conferre
328 895 377 958 ὁτὲ
397 896 452 976 μέν
471 929 515 942 ·-
537 897 587 959 ὁτὲ
609 897 661 977 δέ,
696 895 756 962 nbi
779 899 832 962 ὁτὲ
850 900 937 964 harad
961 899 1061 965 dubie
1082 901 1124 965 ab

43 991 152 1082 origine
181 996 356 1064 relativum
387 1007 455 1080 est,
490 999 534 1063 cf.
560 997 657 1064 Reiz.
688 998 729 1064 de
757 1012 881 1066 accent.
912 1003 991 1069 incl.
1024 1026 1059 1092 p.
1083 1004 1124 1070 311

42 1117 118 1185 mli·
1125 1117 1129 1124 ’

107 1198 141 1280 7)
174 1199 405 1288 Interrogativi
429 1212 461 1268 et
483 1200 647 1268 indefiniti
670 1205 733 1278 τίς
756 1205 931 1271 declinatio
953 1229 970 1270 a
993 1206 1124 1296 vulgari

38 1298 146 1366 ratione
178 1323 247 1368 non
279 1303 409 1368 differre
443 1305 538 1369 solet.
583 1304 760 1370 Breviores
790 1307 930 1393 genitivi
960 1318 992 1372 et
1021 1307 1123 1374 dativi

36 1401 144 1469 formae
165 1429 233 1472 non
256 1406 485 1495 reperientem
514 1429 588 1470 nam
611 1406 700 1495 quod
722 1411 791 1472 τεῦο
814 1409 893 1496 (leg.
917 1408 984 1494 τοῦ)
1008 1409 1042 1474 in
1064 1409 1120 1474 Et.

37 1504 69 1568 G.
90 1507 168 1592 526,
194 1506 398 1576 ottericum
422 1507 624 1596 dieiturpro
646 1511 751 1589 τίνος,
784 1511 854 1586 cio,
889 1514 964 1588 τοῦ,
990 1525 1123 1600 propter

35 1609 256 1678 contractionis
278 1609 411 1676 modum
434 1611 555 1674 factum
579 1618 639 1673 eet.
694 1608 734 1673 In
757 1610 902 1674 Acharn.
928 1613 990 1679 789
1012 1614 1122 1680 minue

36 1721 106 1778 recte
134 1736 226 1778 nune
248 1711 438 1802 Megarenei
469 1711 655 1776 continuari
689 1709 822 1776 videtur
844 1713 1039 1794 φαντάζομαι
1061 1718 1121 1782 ὑπό

33 1839 86 1878 τοο.
114 1814 241 1882 Melina
263 1815 371 1901 placet
393 1813 599 1901 antiquarum
624 1811 804 1878 editionum
828 1813 1016 1880 distinctio:
1042 1843 1122 1898 φαο-

32 1913 160 1997 ittonae.
209 1923 302 1982 AJK.
337 1913 398 1981 und
420 1920 494 1993 τοῦς
528 1917 574 1988 ric
597 1918 612 1980 ὁ
637 1919 757 1996 φαίνων
780 1915 813 1978 σ’
836 1919 935 2002 ἑστίας
966 1960 1007 1969 -
1051 1917 1120 1984 Me·

31 2017 175 2084 notabile
207 2029 258 2084 cet
288 2017 335 2082 nd
370 2010 441 2099 μ’άο
470 2017 505 2082 in
535 2017 741 2105 Megareusis
776 2043 832 2084 ora
863 2019 1011 2086 Acheru.
1042 2020 1118 2086 723.

32 2117 99 2201 751,
132 2121 226 2212 quod
249 2120 384 2186 Scholia
411 2131 444 2186 et
466 2121 568 2210 Greg.
596 2120 635 2186 G.
668 2145 702 2210 p.
726 2121 791 2187 236
819 2145 878 2209 pro
907 2125 938 2184 τί
956 2121 1017 2204 μήν
1046 2147 1120 2190 ease

30 2219 151 2306 dicunt,
185 2234 277 2289 recte
300 2223 452 2312 quidem,
486 2223 515 2288 ei
537 2247 670 2290 sensum
695 2235 843 2312 spectac,
878 2224 988 2290 minue
1018 2237 1145 2308 recte,-

29 2321 51 2384 si
70 2325 220 2393 formam.
276 2326 389 2410 Quum
411 2325 499 2390 enim
524 2325 565 2392 σά
587 2349 652 2390 non
676 2325 783 2415 poenit
804 2350 862 2414 pro
885 2329 915 2389 τί
934 2351 1032 2409 osse,
1067 2353 1120 2394 ve·

26 2425 86 2492 rias
105 2429 323 2496 Herodianus
339 2433 365 2509 ⁹)
393 2430 512 2494 docere
534 2428 680 2505 videtur,
714 2427 754 2492 σά
776 2425 943 2514 Megarice
965 2455 1041 2496 oeae
1061 2455 1120 2519 pro

25 2529 99 2609 τινά,
133 2533 205 2598 nisi
235 2533 325 2622 quod
356 2531 410 2596 hio
437 2531 548 2618 potius
577 2553 637 2620 pro
658 2532 725 2593 τίνα
748 2529 891 2617 positum
915 2544 977 2596 eat.
1035 2532 1119 2597 Nam

23 2653 57 2694 ex
76 2635 215 2725 antiqua
236 2636 342 2700 forma
363 2661 414 2698 τια
437 2631 521 2718 (vid.
546 2631 590 2696 L.
607 2633 624 2696 1
644 2630 677 2712 §-
698 2632 759 2714 23,
786 2633 840 2712 11)
863 2632 961 2699 facile
985 2658 1025 2700 οα
1047 2633 1120 2699 fieri

20 2747 158 2820 poterat,
197 2747 235 2802 ut
258 2737 343 2802 ἅσσα
365 2760 425 2826 pro
450 2735 539 2799 ἅτινα
561 2759 602 2800 ex
625 2734 695 2798 ἅτοα
717 2734 837 2799 factum
862 2747 923 2800 est.
970 2736 1118 2802 Pluralia

21 2835 49 2899 in
75 2865 112 2905 ea
142 2840 405 2928 interrogatione
434 2839 535 2927 vulgo
557 2862 623 2903 non
647 2835 786 2904 usitatus
810 2847 859 2902 eat
880 2861 988 2928 neque
1010 2847 1119 2904 tameo

17 2961 70 3025 per
89 2967 127 3010 se
151 2943 274 3025 habet,
298 2964 358 3007 eur
376 2941 647 3031 reprehendatur.
693 2940 815 3006 Parum
829 2952 916 3006 reete
933 2941 1119 3008 Dorienses

17 3041 49 3106 τά
68 3071 129 3134 pro
154 3050 188 3111 τί
209 3043 263 3112 vel
284 3043 353 3108 τινά
375 3043 501 3110 dixisse
524 3044 697 3108 traduntur
719 3044 773 3118 ¹⁰).

91 3149 179 3234 Quo
210 3147 288 3233 jure
319 3145 526 3212 indefinitum
558 3167 739 3235 pronomen
774 3143 854 3226 ἀμός
885 3145 926 3208 ad
959 3144 1117 3210 Doridem

13 3251 178 3319 referatur
198 3248 235 3314 in
256 3248 381 3315 Scholl.
406 3248 448 3312 F..
474 3247 539 3312 0d.
566 3275 596 3324 α,
622 3247 665 3313 10
685 3257 718 3312 et
739 3245 794 3312 Et.
817 3245 865 3310 M.
889 3245 951 3329 95,
974 3249 1037 3330 22,
1060 3247 1116 3312 ob·

10 3375 142 3419 acrarum
178 3364 243 3418 asa.
273 3391 312 3402 —-
359 3350 603 3438 Syracusanum
633 3345 674 3412 ab
695 3348 878 3436 Apollonio
901 3349 940 3414 de
962 3373 1057 3439 pron.
1082 3373 1114 3438 p.

9 3454 57 3518 75.
83 3457 113 3522 C
140 3455 342 3544 Sophroneo
364 3453 515 3543 exemplo
537 3449 641 3518 allato
658 3451 701 3516 fr.
725 3451 768 3517 24
800 3449 920 3516 dicitur
942 3453 958 3517 ὁ
982 3453 1044 3516 δεῖν
1065 3453 1118 3517 ret

32 3783 62 3844 9)
103 3773 225 3832 Senon.
245 3773 307 3826 LV.
330 3773 364 3826 ll.
384 3791 416 3837 α,
434 3773 485 3826 551
512 3771 548 3824 de
573 3768 656 3824 ἅοααε
684 3773 739 3822 ἔστι
762 3769 1119 3840 δ1κατοὶαόαἩροδιααὸν
1239 3825 1241 3830 ,

7 3865 46 3920 irio
65 3869 143 3936 μέρη
165 3862 262 3928 λόγου,
280 3858 312 3915 τὸ
329 3858 349 3912 οἳ
366 3858 472 3931 ἄρθρον
490 3862 536 3911 καὶ
551 3857 583 3914 τὸ
601 3857 635 3924 ‚oei
653 3857 806 3930 Μεγαρικὸν
822 3861 918 3928 δηλοῦν
936 3856 966 3908 τὸ
982 3858 1057 3917 moi,
1078 3861 1115 3910 oi.

7 3955 136 4008 dustath.
164 3953 232 4015 148,
252 3951 294 4003 38.
332 3946 381 4012 oei,
409 3945 517 4016 ὃδηλοῖ
540 3944 571 4000 τὸ
594 3943 651 3998 τινὰ
671 3947 826 4016 Μεγαρικοῖς
845 3967 889 3998 και
906 3945 1043 4016 Δωρικῶς,
1070 3945 1115 4000 Et.

7 4042 36 4094 11.
61 4045 131 4106 157,
155 4039 201 4090 48.
238 4036 286 4101 σοι’,
307 4031 322 4086 ii
341 4036 394 4086 ἔστι
410 4033 560 4105 Μεγαρικὸν
577 4035 672 4102 δηλοῦν
690 4031 721 4085 τὸ
738 4031 806 4083 rauci.

28 4135 76 4196 lo)
121 4125 221 4190 Greg.
241 4123 273 4177 C.
292 4125 343 4177 212
362 4139 378 4173 e
398 4120 480 4173 Pind.
495 4123 541 4175 01.
559 4121 587 4181 1,
606 4123 657 4186 82,
677 4119 723 4171 ubi
744 4135 813 4172 ianus
831 4119 922 4172 codex
939 4115 990 4176 τά,
1010 4117 1115 4183 reliqui

8 4230 72 4271 ecte
92 4218 135 4268 τί.
182 4211 223 4264 Et.
246 4211 284 4263 M.
307 4213 367 4275 167,
386 4213 426 4265 37.
455 4208 539 4277 ἅττα,
568 4212 652 4275 γέγονε
671 4207 697 4258 di
717 4204 772 4257 ainai
790 4207 837 4258 τοῦ
856 4203 890 4255 rai
909 4205 1043 4275 Λωρικοῦ,
1069 4209 1116 4254 τοῦ
1148 4221 1153 4226 ·

7 4307 184 4374 ruminarent
201 4296 231 4350 τό
241 4290 319 4351 ’τιοαῖ
