2712 4818
205 379 267 422 vm

206 561 350 636 edoceri
376 583 482 631 nemo
510 560 625 657 magis
651 559 888 656 concupiscit.
960 556 1131 633 Ceterum
1154 558 1317 630 severis-

123 672 126 678 '
206 667 338 737 simum
389 662 510 757 operis
561 661 632 732 mei
682 685 870 750 censorem
898 685 967 740 ¹me
1018 661 1137 757 ipsum
1172 661 1316 759 egisse,

203 765 461 839 'Aduumenu
488 761 533 834 ad
559 764 603 834 L.
625 765 643 836 l
669 761 814 836 abunde
840 761 1074 862 patefacient.
1252 847 1256 854 ¹

306 865 458 938 lllorum
492 866 607 964 igitur
639 891 829 938 censorum
860 891 929 938 nee
954 865 1075 936 minus
1098 863 1193 935 Tuo
1221 861 1319 937 alio·

207 965 385 1068 rumque‘,
428 966 562 1066 quibus
588 966 785 1064 plurimum
813 966 954 1058 tribuo,
990 965 1141 1065 judiciis
1166 991 1320 1063 percum

205 1087 264 1146 tus
287 1096 368 1142 snm
394 1082 435 1142 ut
461 1095 580 1168 neque
612 1073 733 1168 operis
760 1068 971 1143 absolvendi
998 1068 1191 1149 consilium
1217 1068 1320 1167 abji-

205 1199 323 1248 cerem
350 1184 387 1246 ot
418 1171 542 1245 eadem
576 1173 635 1244 via
659 1183 768 1271 atque
795 1174 933 1245 ratione
960 1194 1170 1271 pergerem,
1214 1198 1320 1270 quae

206 1277 367 1350 omnium
395 1301 583 1346 assensum
606 1274 734 1347 tulisse
760 1273 958 1346 videretur.
1036 1273 1190 1372 Neque,
1239 1277 1321 1348 nisi

206 1379 369 1452 faciliore
394 1378 502 1474 primi
532 1375 617 1449 libri
650 1375 774 1450 labore
808 1379 903 1449 vires
929 1389 1035 1450 antea
1068 1375 1321 1450 exercuissem

206 1494 316 1579 atque
340 1478 561 1570 firmassem,
598 1477 712 1577 bnjns
738 1478 967 1552 mediocriter
989 1477 1200 1575 perficiendi
1227 1505 1320 1577 gra·

205 1585 394 1654 vissimum
443 1605 536 1654 onus
582 1607 640 1654 me
686 1592 936 1659 sustentnrnm
981 1581 1095 1654 luisse
1137 1579 1318 1653 arbitror.

209 1683 320 1778 Quod
347 1709 455 1783 quam
482 1694 579 1761 reete
607 1686 780 1776 sentiam,
833 1709 1040 1784 quanquam
1064 1684 1131 1754 Tu
1157 1709 1202 1756 ex
1229 1684 1320 1780 ipso

207 1813 316 1886 opere
342 1789 430 1858 satis
457 1785 660 1885 intelliges,
709 1785 782 1858 duo
814 1797 934 1858 tamen
962 1785 1212 1860 molestissima
1244 1788 1320 1857 im·

206 1890 432 1988 pedimenta,
489 1915 582 1988 quae
626 1886 769 1968 facilius
811 1887 930 1980 latere,
963 1890 1130 1988 possint,
1184 1891 1320 1985 paucis

206 1989 510 2066 commemorabo.
588 1991 747 2082 Primum
775 1992 928 2062 nimium
955 2000 1130 2090 qnantum
1156 1987 1320 2063 desuda-

206 2097 266 2187 vi,
305 2095 542 2194 prinsquam,
577 2091 667 2191 qnid
691 2094 898 2193 quibusque
925 2091 1115 2183 lontibus,
1153 2115 1319 2191 quornm

206 2197 374 2296 plerique
406 2221 533 2294 parum
565 2192 709 2292 limpidi
743 2207 849 2286 suut,
896 2194 983 2268 fidei
1015 2194 1144 2267 baberi
1175 2197 1313 2292 possit,

206 2301 294 2372 satis
325 2308 555 2396 perspectum
590 2295 774 2369 haberem.
822 2353 826 2358 .
860 2297 1001 2370 Deinde
1034 2299 1170 2390 iniis,
1215 2323 1318 2394 qnae

206 2401 752 2486 recentioresetrecentissimi
780 2399 884 2497 (adeo
911 2401 975 2498 qui
998 2398 1083 2496 jure
1110 2399 1318 2472 doctissimi

205 2501 410 2601 habentur}
438 2501 482 2576 de
511 2501 643 2574 Dorica
670 2501 824 2576 dialecto
856 2501 1107 2600 protulerunt,
1153 2499 1317 2574 incredi-

207 2604 318 2678 bilem
352 2631 515 2680 errorum
548 2606 687 2701 copiam
721 2606 867 2695 inveni,
915 2616 1040 2677 contra
1075 2604 1315 2702 paucissima,

208 2707 305 2782 unde
332 2706 471 2806 aliquid
498 2707 669 2804 praesidii
696 2708 770 2805 peti
801 2718 945 2805 posset3
997 2732 1041 2778 ne
1071 2732 1116 2794 ea
1142 2703 1313 2805 quidem,

208 2835 302 2909 quae
329 2809 534 2882 Boccbbius
568 2811 607 2880 in
638 2807 798 2882 seeundo
827 2808 999 2906 Corporis
1025 2807 1317 2905 luseriptionum

208 2911 393 2986 volumine
420 2911 464 2984 de
485 2909 638 2984 dlalocto
656 2911 797 2984 Cretica
816 2922 1077 2984 commentatus
1096 2923 1166 3000 est,
1195 2936 1316 3008 qnan-

207 3039 316 3113 quam
349 3013 502 3113 reliquis
536 3011 649 3086 multo
681 3015 961 3110 praestantiora,
1009 3014 1128 3085 omnia
1162 3014 1316 3110 probari

207 3123 396 3215 poterant,
448 3142 562 3215 quum
595 3127 761 3189 accurata
792 3113 954 3188 omnium
980 3114 1129 3188 Doridis
1158 3114 1318 3185 varieta-

207 3230 284 3297 tum
323 3221 542 3315 eomparatio
579 3217 678 3292 baud
710 3244 792 3290 raro
824 3218 894 3290 alia
927 3217 1084 3291 doceret.
1161 3216 1315 3290 Utinam

67 3373 69 3376 -
206 3331 347 3396 tantum
376 3317 511 3392 laboris
547 3321 601 3392 'l'e
632 3319 757 3418 judice
792 3347 838 3393 ne
874 3320 965 3394 male
998 3322 1208 3418 impensum·
1228 3343 1316 3392 esse

208 3422 393 3497 videatur!
418 3467 469 3481 -
547 3423 739 3514 Ceterum,
786 3421 831 3495 de
859 3449 930 3522 qua
957 3425 1057 3496 rein
1083 3423 1191 3520 primi
1222 3417 1317 3493 libri

177 3527 434 3623 'praefatione
467 3552 612 3600 monere
658 3525 951 3626 neglexeramus,
1007 3527 1161 3618 consilio
1197 3534 1233 3596 et
1269 3548 1316 3594 ea

209 3630 341 3702 omissa
374 3639 482 3721 snut,
543 3655 637 3728 quac
673 3627 718 3700 ad
754 3630 987 3726 syntaetieam
1023 3628 1198 3700 rationem
1228 3651 1316 3723 spe·

208 3740 326 3822 etant,
366 3757 441 3830 quo
466 3733 650 3829 pertinent
668 3729 849 3812 schemata
874 3732 1029 3830 singulis
1045 3729 1191 3828 populis
1213 3728 1316 3825 apud

209 3836 462 3931 grammaticos
487 3833 689 3931 adscripta,
729 3844 766 3906 et
791 3833 993 3933 glossarum
1019 3859 1039 3906 e
1063 3831 1227 3906 dialectis
1248 3830 1314 3904 de-

209 3947 479 4034 promptarum,
529 3946 708 4034 quatenns
733 3938 772 4007 in
799 3935 1072 4035 etymologicam
1093 3946 1231 4032 partem
1254 3935 1314 4006 ni·

210 4037 262 4110 bil
287 4037 381 4112 lueri
407 4039 586 4130 afferunt,
627 4041 758 4138 ingens
785 4063 971 4110 numerus.
1034 4036 1145 4132 Quod
1168 4036 1313 4135 aliquo·

210 4142 300 4231 ties,
348 4142 502 4213 maxime
535 4143 573 4211 in
605 4139 643 4241 §-
667 4139 742 4236 llss,
796 4139 889 4212 ultra
917 4140 1031 4233 lines,
1077 4137 1213 4238 quibus
1240 4140 1313 4236 ipsi
1351 4197 1352 4208 ,

210 4268 277 4315 nos
299 4244 711 4340 circumscripseramus‚
739 4245 879 4344 evagati
902 4266 981 4320 esse
999 4241 1184 4334 videmur,
1214 4241 1326 4340 opud·
