2746 4818
366 349 397 440 d
423 350 485 426 do.
538 353 595 426 De
618 351 732 426 verbo
758 353 834 445 εἰμι’.
1073 353 1151 430 ³25

60 549 86 632 §.
108 549 168 631 20,
188 551 234 632 2,
266 571 375 640 nequo
395 552 494 614 *a’oola
523 574 600 617 vere
621 552 744 620 Dorica
766 579 839 620 esse
860 570 1018 646 possunt,
1051 561 1150 627 seda

59 651 222 741 participio
252 650 373 726 ἔστ-σς
403 652 478 721 Itali
507 654 747 722 substantivum
778 659 860 722 ἐνεία
882 659 1029 726 derivare
1048 658 1150 728 delae·

58 753 139 818 hant.
194 751 342 842 Utraque
371 766 481 821 tamen
510 780 573 822 vox
603 758 831 849 philosophica
859 783 957 850 aegre
989 763 1148 830 adullam

58 855 221 920 dialectum
243 866 415 921 revocatur
430 869 654 947 praeterquam
671 860 712 925 ad
729 861 1041 942 Italico-Doricam,
1066 889 1150 954 quae

58 956 129 1021 doio
150 981 189 1022 eo
211 957 322 1022 minus
344 957 468 1044 fingere
489 971 632 1048 poterat,
666 962 755 1050 quod
775 962 943 1056 participii
964 966 1069 1031 formu
1091 967 1148 1046 ads,

56 1059 77 1122 f.
99 1050 179 1124 οὖσα
210 1059 265 1124 vel
288 1053 357 1123 oica
378 1061 419 1124 ab
441 1061 626 1152 antiquiore
648 1061 777 1130 Doride
799 1065 906 1132 aliena
927 1077 988 1132 est.
1034 1067 1150 1158 Itaque

54 1160 247 1248 putaverim,
280 1160 505 1252 Pythagoreos
528 1187 639 1230 vocem
664 1163 776 1244 adata,
812 1190 910 1256 quam
931 1167 1056 1234 Ionicis
1077 1168 1149 1258 phi·
1272 1179 1280 1196 ⁸

53 1263 195 1354 losoplris
229 1275 395 1353 acceptam
416 1265 602 1350 debebant,
636 1267 745 1332 minus
779 1279 868 1334 recte
890 1267 1151 1360 Doriea‘specis

54 1366 167 1432 donare
199 1367 367 1432 studuisse
398 1379 453 1433 aut
475 1369 600 1434 leviore
622 1370 802 1436 mutatione
826 1370 907 1434 aiolo
929 1373 1147 1460 proterentes,

52 1481 123 1553 aut,
146 1467 393 1560 participiorum
417 1464 497 1536 οὖσα
518 1482 551 1537 et
573 1469 652 1535 ἔσσα
673 1471 825 1558 analogia
845 1472 1019 1562 deceptos,
1042 1475 1146 1540 a’oolu.

131 1623 246 1690 Altera
267 1623 421 1689 feminini
443 1624 548 1690 forma
565 1622 949 1713 Pseudo-Pythagoreis
970 1625 1148 1714 peculiaris

50 1737 94 1792 est
115 1729 234 1804 a’aioa,
269 1749 353 1814 quae
374 1727 498 1814 legitur
518 1725 607 1790 Tim.
631 1724 730 1800 Iacer.
762 1751 797 1815 p.
821 1727 875 1793 96.
900 1726 944 1790 A.
968 1725 1013 1790 Ι).
1048 1725 1094 1812 (v.
1120 1728 1144 1793 l.
1216 1771 1219 1777 ,

49 1831 163 1913 ἐᾶσσα,
187 1830 320 1906 ἰοῦσα),
353 1827 407 1895 97.
435 1829 461 1895 C
487 1829 533 1911 (v.
558 1828 583 1893 l.
607 1827 738 1905 ἔσσαν),
769 1829 823 1896 98.
847 1828 880 1892 A
912 1833 957 1906 (v.
981 1828 1006 1893 l.
1031 1828 1144 1907 ἑᾶσσα,

48 1931 153 2010 ἰοῦσα)
181 1929 386 1995 restituenda
415 1942 467 1996 est
494 1929 587 1996 Stob.
621 1931 673 1997 Fl.
696 1929 734 2008 I,
758 1931 821 2011 64,
857 1927 915 1995 ubi
937 1927 1147 1998 Gaislordius

49 2031 274 2118 eeonjecturu
296 2033 389 2118 ἐοῖσαΙ
407 2032 517 2118 dedit,
541 2056 642 2121 quum
663 2033 764 2122 vulgo
787 2033 904 2111 ἐοῦσα,
927 2033 962 2096 in
983 2033 1028 2098 A.
1052 2029 1145 2111 ἕασα,

51 2136 83 2200 in
115 2135 232 2202 Trine.
266 2135 360 2198 ἐᾶσαι
390 2134 539 2221 legatur,
572 2131 744 2220 XLVIII,
774 2135 816 2201 63
847 2161 881 2225 p.
905 2135 988 2219 331,
1013 2135 1056 2220 3,
1088 2135 1148 2204 ubi

50 2238 153 2304 Gaisl.
176 2262 238 2328 pro
259 2237 392 2324 vulgata
415 2239 494 2302 a’doc
517 2262 536 2302 e
557 2235 586 2302 B
611 2238 731 2323 ἐοῦσα,
753 2237 923 2315 XLVIII,
947 2237 990 2304 64
1010 2262 1044 2328 p.
1069 2237 1145 2322 333,

50 2340 88 2405 17
108 2350 141 2405 et
161 2338 203 2405 65
224 2337 323 2420 inte,
354 2339 412 2406 ubi
436 2339 542 2408 Guisl.
567 2341 675 2414 ἐοίσας
698 2365 715 2406 e
738 2339 827 2426 conj.
850 2365 910 2429 pro
935 2339 1024 2430 vulg.
1049 2338 1147 2415 ἐάσας

47 2453 78 2505 et
98 2441 200 2515 ἐώσας
222 2441 258 2506 iu
280 2441 353 2506 cod.
377 2441 427 2528 B,
450 2442 551 2524 CIII,
573 2443 615 2509 27
637 2437 675 2529 p.'
691 2441 765 2524 557,
789 2442 851 2523 23,
874 2441 931 2506 ulri
954 2439 1060 2506 Gaisl'.
1083 2465 1145 2530 ppo

45 2545 133 2633 vulg.
158 2543 253 2608 ἐάσαι
282 2555 314 2608 et
344 2543 456 2619 ἕεύσας
476 2547 511 2608 in
535 2543 609 2608 eod.
631 2543 673 2608 B.
698 2566 715 2606 e
738 2542 826 2628 conj.
851 2543 959 2618 a’oa'oae
988 2542 1070 2632 (leg.
1094 2543 1145 2606 ἑά-

45 2653 135 2732 σας),
168 2645 325 2736 Append.
357 2668 391 2735 p.
416 2646 459 2711 46
487 2646 544 2712 ulai
566 2644 674 2712 Gaisl.
705 2641 802 2712 ἔασαα
823 2644 860 2710 ἰιι
881 2645 989 2710 ἕσῒσαν
1010 2645 1146 2710 mutavit

43 2788 84 2802 -
104 2759 271 2839 postremo
294 2747 392 2823 ἐάσας
414 2760 465 2814 cst
484 2749 573 2839 apud
589 2747 762 2824 Ocellam,
788 2744 868 2812 i'aaoc
890 2745 975 2836 apud
996 2746 1144 2813 Aristae-

43 2876 136 2916 ouem
161 2851 254 2916 Stob.
278 2850 354 2916 Ecl.
378 2873 412 2940 p.
435 2851 518 2936 428,
549 2850 651 2917 ἑάσσα
674 2845 786 2936 (Cant.
810 2848 928 2926 iciooo)
952 2849 1037 2941 apud
1060 2848 1145 2914 Are·

44 2951 250 3042 samihid.p.
265 2953 340 3020 856.
373 2953 477 3018 Vides
499 2951 650 3020 feminini
673 2954 754 3016 a’aioo
776 2977 873 3018 usum
896 2951 983 3042 apud
998 2951 1144 3018 Pseudo-

39 3056 269 3144 Pythagoreos
292 3055 372 3121 satis
396 3065 520 3122 eertum
543 3079 628 3122 esse.
662 3053 779 3144 Neque
801 3066 852 3138 est
873 3077 931 3119 cur
953 3078 1027 3119 euna
1049 3077 1067 3118 e
1089 3077 1146 3142 gc·

40 3159 144 3224 noina
160 3157 363 3225 ltaliotarum
380 3157 505 3224 Doride
528 3157 756 3249 depromptum
778 3181 950 3244 negemus.
978 3155 1146 3220 Videntur

38 3260 126 3326 cuim
150 3259 378 3345 illidemiuini
398 3261 534 3326 sormam
561 3255 646 3339 ἧσα,
680 3283 776 3350 quam
808 3283 827 3324 a
857 3258 959 3347 stirpe
989 3281 1039 3320 aaa
1068 3257 1144 3321 reli-

36 3387 181 3452 quorum
204 3363 451 3452 participiorum
473 3361 624 3450 analogia
639 3361 840 3450 postulabat,
862 3360 931 3426 vid.
952 3359 984 3441 ἕ.
997 3357 1051 3442 20,
1063 3360 1096 3424 2.
1112 3382 1143 3438 c,

36 3477 75 3528 ut
95 3465 212 3545 miuus
232 3488 363 3532 suavem
386 3465 512 3553 duplici
534 3465 661 3530 ratione
682 3464 843 3546 evitasse,
878 3473 933 3526 aut
954 3485 1023 3527 eam
1046 3461 1144 3526 ratio·

33 3591 112 3632 nem
136 3565 328 3658 sequendo,
359 3590 444 3656 quae
467 3577 519 3632 est
540 3567 575 3631 in
596 3565 768 3653 adjectivis
791 3566 947 3653 χαρίεσσα
968 3573 1053 3640 ete,
1086 3573 1142 3629 aut

35 3671 188 3736 vocalem
211 3668 403 3749 inferendo,
433 3679 471 3733 ut
500 3667 537 3734 fit
556 3667 592 3732 in
617 3667 710 3732 tertia
729 3667 851 3755 plurali
873 3665 945 3730 ἔασι
966 3665 1051 3754 apud
1075 3663 1143 3752 epi·

32 3794 106 3836 eos.
153 3770 260 3839 Nullo
280 3771 378 3836 modo
399 3769 500 3836 ε”ασσα
523 3769 674 3835 excusari
696 3778 828 3856 possete
850 3771 912 3834 Iroc
934 3765 1071 3831 dubium
1095 3791 1144 3832 re·

30 3873 248 3964 linquimus,
274 3883 383 3938 utrum
405 3874 486 3946 ἑᾶσα
506 3895 547 3937 an
569 3869 651 3934 ε”ασα
671 3871 915 3960 pronuntiatum
939 3867 993 3935 sit.

162 4087 166 4097 ¹
196 4001 493 4070 Praeteritum.

126 4130 254 4218 Singa
275 4130 306 4196 1.
351 4123 639 4216 aivEpielr.12la.

269 4232 302 4308 2.
347 4223 436 4307 ἦσθα
459 4229 602 4294 Theoer.
627 4227 672 4314 V,
695 4229 749 4296 79.
783 4227 836 4310 X,
858 4229 912 4294 23.
963 4283 966 4288 ,
