2726 4820
224 353 303 436 288
601 357 658 430 De
688 353 954 455 conjugatione.

224 575 334 628 tamen
356 559 591 650 quaerentibus
614 561 659 626 ita
681 560 951 652 praecipiendum
977 570 1049 625 eata
1071 557 1198 628 ,Doris
1227 557 1314 623 loturi

224 664 324 755 primi
342 665 394 744 (nt
413 687 451 728 ea
465 661 685 752 appellatione
699 663 748 728 uti
764 663 875 738 liceat)
895 665 1033 752 stirpem
1043 660 1079 725 in
1098 685 1135 724 σε
1151 661 1315 728 terminans

223 769 370 836 vocalem
388 791 402 829 ε
418 776 493 830 ante
508 766 758 832 terminationes
775 765 955 832 secundum
969 765 1102 852 regulas
1116 761 1151 828 iu
1164 763 1196 847 §-
1209 763 1259 831 25.
1272 763 1313 830 26.

223 869 264 940 21
287 867 465 960 explicatas
488 867 586 934 modo
604 867 809 935 immutatum
831 866 992 960 relinquit
1009 866 1107 933 modo
1124 867 1216 933 vario
1233 865 1315 931 modo

224 982 329 1038 mutat
349 980 406 1034 aut
427 993 501 1036 cunr
531 971 762 1036 terminatione
794 970 978 1058 conjungit.
1033 967 1195 1060 Vulgaris
1230 966 1316 1034 futuri

224 1072 323 1165 primi
346 1074 448 1150 ratio,
480 1097 563 1161 quae
587 1073 694 1138 solnm
718 1097 738 1136 σ
758 1095 819 1162 pro
841 1073 1027 1138 charactere
1048 1070 1164 1158 babet,
1195 1095 1260 1137 uon
1279 1093 1318 1135 re·

225 1176 354 1268 peritur
384 1199 529 1265 uuquam
564 1176 600 1238 in
629 1173 779 1240 fontibus
807 1173 920 1264 paullo
950 1173 1086 1258 majoris
1111 1172 1216 1260 fidei,
1257 1195 1318 1237 nan

192 1312 196 1318 ·
226 1278 364 1363 οἱσόντι,
401 1275 585 1360 ἕργαξόνται
614 1287 647 1341 et
676 1274 797 1341 similia
831 1276 867 1341 in
895 1274 1022 1342 tabulis
1052 1275 1319 1342 Heracleensibus

224 1382 292 1448 alio
313 1379 470 1445 trahenda
493 1401 587 1461 esse,
613 1400 711 1466 supra
733 1378 813 1444 satis
836 1378 1165 1452 demonstratumest
1186 1378 1318 1462 §.tat

224 1481 405 1572 Lapicidae
438 1479 525 1566 'l'ejo
556 1478 719 1546 debentur
750 1479 786 1545 iu
818 1479 959 1546 Creticis
986 1481 1071 1547 3047
1098 1479 1318 1567 πειρασόμεθα,

225 1585 311 1654 3049
331 1581 523 1664 ποιήσομεν,
550 1580 635 1649 3652
652 1581 1052 1668 &supprimam-eorum,
1073 1583 1132 1672 qni
1149 1583 1320 1672 descripse-

223 1696 322 1769 runt,
356 1683 581 1774 negligentiae
603 1684 798 1769 προάξονται
820 1685 935 1751 Herm.
960 1685 1044 1752 1193
1077 1696 1110 1752 et
1134 1679 1321 1750 ἇποδῶσοντι

226 1790 332 1857 Tber.
356 1788 454 1872 2448,
483 1787 545 1853 vl.
570 1787 623 1872 16,
654 1809 715 1852 uec
737 1810 850 1853 verum
873 1787 981 1855 videri
1002 1791 1110 1878 potest
1132 1789 1319 1874 ἕξορκίξοντι,

225 1892 316 1984 qnod
344 1889 532 1957 Boeelslrius
562 1891 597 1955 iu
629 1889 881 1978 corruptissimo
909 1890 1007 1982 titulo
1037 1889 1127 1956 Cret.
1150 1890 1253 1974 2554,
1276 1888 1320 1955 36.

223 1996 265 2061 41
290 1992 436 2061 restitnit
465 1993 566 2074 (idem
589 1992 677 2056 baud
699 2015 773 2057 raro
794 1992 917 2060 Dorice
940 1992 1196 2059 circumflectere
1216 1992 1322 2083 negle-

224 2097 298 2179 xit).
344 2095 504 2185 Vulgaris
527 2095 652 2176 forma,
685 2117 782 2185 quarn
804 2095 946 2184 propelli
967 2107 1106 2162 metrum
1127 2107 1232 2174 vetat,
1268 2096 1323 2158 κοΐ·

225 2205 290 2276 §sas
312 2197 459 2264 Acbarn.
484 2197 549 2262 712
580 2202 612 2272 (e
634 2195 824 2261 Ravennate
846 2221 937 2264 nnnc
956 2195 1046 2274 ἱξεῖτ’
1068 2197 1131 2265 708
1158 2211 1191 2264 et
1214 2197 1323 2282 oiyooa·
1357 2191 1358 2236 l

227 2303 353 2374 σοῦντες
375 2297 439 2366 716
460 2321 521 2388 pro
544 2295 613 2374 ἵξετ’
636 2308 668 2363 et
691 2295 1072 2383 cynodoomrc‘restituta
1090 2304 1194 2382 sunt),
1217 2299 1322 2365 Attico

168 2401 172 2412 '
223 2408 341 2495 potitae
376 2398 593 2468 condonanda
620 2411 698 2488 ‚est3
743 2425 803 2490 pro
836 2399 1002 2485 πωτάομαι
1031 2401 1056 2468 1.
1081 2425 1110 2466 e.
1145 2401 1323 2483 πωτάσομαι

224 2505 370 2595 Lysistr.
395 2503 478 2572 1013
508 2506 686 2586 πωταΐομαι
715 2503 878 2594 suspicari
905 2505 997 2571 licet.
1054 2503 1156 2589 Quod
1184 2505 1220 2569 iu
1246 2504 1323 2570 Cbc·

220 2606 406 2698 lidonismo
440 2607 608 2695 genuinus
629 2606 818 2688 ¹Dorismus
861 2607 917 2673 bis
955 2608 1159 2698 negligitur,
1202 2607 1238 2671 iu
1278 2603 1324 2669 ἐά-

225 2735 321 2793 σομες
350 2717 384 2775 et
415 2707 557 2791 οἴσομες,
592 2708 807 2775 recentiorem
840 2710 913 2795 ejus
935 2708 1098 2796 originem
1120 2707 1321 2776 indicaverit.

223 2810 325 2902 Apud
347 2809 581 2877 Archimedem
604 2810 796 2900 frequentes
819 2823 897 2877 snut
917 2811 1041 2877 formae
1062 2813 1241 2902 vulgares,
1265 2834 1324 2876 rna·

223 2913 312 2980 xime
335 2912 370 2976 in
394 2912 516 2978 futuris
537 2909 675 3001 passivi.

308 3013 471 3082 Doridem
500 3014 536 3079 iu
564 3013 623 3079 illa
652 3013 756 3078 futuri
779 3013 974 3110 formatione
996 3015 1246 3107 antiquissimae
1268 3014 1326 3079 lin·

223 3141 308 3210 guae
335 3117 478 3207 vestigia
507 3139 657 3208 premere
680 3114 850 3182 Senserita
871 3118 988 3206 lingua
1009 3119 1124 3204 docet,
1158 3119 1257 3205 cujus
1280 3117 1325 3179 lu·

221 3233 333 3289 turum
356 3220 538 3288 seeundum
565 3217 611 3283 in·
629 3217 753 3304 ojami
781 3219 996 3305 terminatur,
1029 3233 1065 3287 ut
1093 3216 1326 3306 bbotsjami

221 3322 398 3405 abath,
432 3322 476 3387 cl.
499 3325 674 3403 πευσοῦμαι
695 3344 713 3386 a
735 3320 846 3387 radice
867 3332 945 3388 πυθ.
990 3324 1140 3414 Apparet
1162 3322 1252 3388 euim
1275 3345 1326 3385 an·

219 3427 349 3517 tiquurn
369 3425 385 3512 j
411 3423 501 3514 apud
521 3422 705 3490 Dorienses
733 3421 770 3488 iu
791 3449 804 3488 r
825 3426 1007 3511 transisse,
1041 3449 1143 3517 quum
1167 3423 1328 3490 Lesbiaco

218 3530 337 3620 lingua
354 3527 389 3615 js
411 3527 447 3594 in
472 3551 513 3591 no
535 3536 674 3591 mutaret
694 3525 776 3605 (vid.
797 3527 840 3592 1..
858 3527 980 3611 159,
1006 3529 1059 3610 l),
1089 3527 1237 3616 reliquae
1263 3526 1327 3590 dis·

220 3631 323 3713 lecti,
353 3653 415 3696 uec
437 3628 551 3696 ιηίηιιε
574 3628 698 3696 Dorica
721 3629 758 3692 in
780 3629 901 3695 aoristo
922 3629 1053 3718 primo,
1081 3630 1097 3716 1
1122 3629 1221 3718 plane
1244 3627 1327 3713 abji-

221 3744 344 3800 cerent.
389 3732 553 3812 Botorum
576 3729 776 3814 secuudum,
799 3731 887 3821 quod
909 3742 1046 3815 vocant,
1069 3731 1114 3797 ita
1130 3742 1237 3796 ortum
1255 3750 1328 3795 esse

218 4000 386 4061 denarias,
417 4004 601 4072 πορευσεῖτω,
636 4015 710 4064 qnae
733 3997 840 4052 formae
864 4015 918 4068 pro
945 4012 1026 4070 parte
1046 4000 1172 4054 Doribns
1189 4017 1245 4054 non
1266 4013 1331 4054 anat

221 4083 374 4155 proprian
410 4084 447 4138 de
473 4086 569 4138 testem
589 4084 698 4141 Seboll.
726 4088 761 4140 Δ.
790 4086 827 4142 11.
850 4091 886 4154 β,
903 4089 971 4154 353,
1008 4087 1054 4140 Et.
1072 4087 1109 4139 (i.
1134 4089 1203 4152 212,
1221 4089 1268 4142 16.
1297 4113 1330 4124 -

221 4169 368 4224 Heraclid.
391 4187 437 4240 ep.
462 4171 588 4228 Eustnth.
616 4173 703 4238 1557,
722 4174 758 4228 16
786 4173 824 4227 de
849 4173 942 4228 tertiis
971 4173 1132 4244 pluralibus
1159 4173 1228 4241 (rid.
1249 4175 1276 4240 5.
1297 4175 1332 4228 36

360 4266 398 4310 lc.
