2706 4818
65 327 89 417 ο.
103 324 151 400 ιι.
177 327 234 401 ue
253 326 336 402 um
352 325 523 416 brevium
543 299 730 402 voratam
753 329 1026 406 mutationibus.
1070 333 1142 410 rm

64 531 193 615 Κέρκυρα
200 581 212 611 ,
247 531 429 620 appellasse
456 529 651 616 Κόρκυρα
683 541 716 596 et
742 532 831 598 tituli
857 533 952 600 multi
973 535 1146 602 decentet

63 633 187 717 nummi,
209 634 276 700 vid.
300 633 429 698 Μίοιιιι.
453 628 581 722 86ρρ1·.’
598 631 648 698 lll
669 659 704 723 p.
720 635 795 702 428.

131 735 163 817 5)
205 735 346 802 Temere
377 735 416 802 ah
447 735 618 800 Eustothio
651 762 662 798 ο
691 759 750 826 pro
778 762 796 800 υ
824 737 983 820 Doricum
1011 739 1143 824 dieitur,

63 837 113 903 vid.
135 838 208 902 L.1
230 841 262 922 ξ.
280 839 321 904 12
341 848 411 902 not.
430 838 482 903 10.
536 837 653 927 Neque
675 838 762 902 enim
784 838 972 929 incorrupto
992 841 1144 907 videntur

63 927 245 1023 οἰοιρνοῖνιες
263 963 325 1029 pro
348 943 550 1021 αἰσομνοῖνιος
572 939 607 1002 in
630 937 726 1003 titulo
750 939 970 1006 Chalcedonio
997 954 1035 1008 et
1052 948 1145 1024 φολᾶς

61 1065 108 1131 pro
128 1044 228 1126 φολᾶς
261 1047 311 1119 (ut
337 1041 453 1129 longas
473 1041 602 1108 recoles
622 1041 676 1106 hie
698 1063 950 1108 commemorare
971 1041 1080 1120 licent)
1093 1086 1096 1096 ·
1109 1045 1145 1110 in

60 1143 279 1233 Agrigentino.
324 1143 582 1212 Incertisaimum
603 1153 653 1208 eet
674 1169 692 1206 υ
712 1167 773 1233 pro
795 1171 825 1221 ν,
848 1139 937 1234 quud
959 1147 1144 1216 Bueelrhiua

61 1247 231 1330 existimat,
264 1247 407 1335 positum
437 1245 473 1310 in
503 1244 692 1329 ’Ὶδνοδγρα,
729 1247 893 1310 ‘maneta
922 1247 1013 1313 Cret.
1045 1249 1144 1336 2554,

60 1349 119 1415 106.
142 1347 220 1432 127,
244 1369 305 1412 ner
326 1348 435 1412 minus
457 1347 493 1410 in
513 1345 685 1432 Ἀρτάμυοο
706 1347 803 1437 Epid.
829 1349 923 1416 1172.
1053 1389 1065 1398 ..

128 1477 146 1514 v
161 1471 241 1542 pro
266 1476 281 1514 ο
304 1460 354 1516 est
374 1449 410 1513 iu
433 1449 548 1533 ὄνομα,
571 1449 660 1541 qoud
676 1473 776 1539 quum
790 1449 922 1515 Leshiis
938 1449 1144 1540 potissimum

59 1553 199 1617 usitatum
222 1551 285 1636 sit,
307 1550 434 1640 legitur¹
450 1551 544 1615 etiam
567 1551 601 1615 iu
616 1551 727 1615 Aetol.
743 1551 825 1616 1756
846 1561 878 1615 et
892 1552 1009 1640 Epieh.
1032 1555 1075 1619 l'r.
1087 1554 1143 1638 27,

58 1654 157 1736 (ὄνομα
179 1677 278 1742 saepe
300 1653 335 1718 in
363 1652 467 1717 titulis
494 1651 744 1728 recentioribus)
773 1675 878 1740 eoque
905 1654 1009 1740 magis
1038 1651 1064 1720 e'
1087 1679 1145 1744 ge·

59 1757 148 1821 nuiua
169 1753 298 1822 Doride
319 1754 456 1845 petitum
477 1755 617 1839 videtur,
639 1754 729 1843 quud
759 1753 855 1819 etiam
884 1754 1030 1821 Corinna
1054 1753 1100 1822 1ο.
1122 1759 1145 1823 4

60 1855 207 1940 όνουμὴνω
230 1857 313 1922 dixit
341 1857 365 1922 i.
387 1881 418 1922 e.
442 1856 612 1940 ὀνομαίνω,
646 1856 837 1922 nee'minus
858 1857 1023 1922 Pindarus
1047 1851 1145 1941 ὄνομα

60 1967 87 2024 et
105 1959 261 2044 ὀνομάζοι,
285 1981 468 2050 quanquam
491 1971 524 2025 et
543 1959 596 2026 hio
619 1971 652 2026 et
667 1959 785 2024 Boeoti
806 1959 842 2023 in
854 1955 992 2047 reliquis
1006 1958 1144 2029 Lesbiu-

59 2085 157 2128 eamo
180 2085 241 2152 pro
265 2085 281 2126 ο
304 2061 465 2148 ignorant.
503 2063 594 2128 Idem
606 2064 886 2150 Pythagoreorum
907 2077 986 2126 usus
1007 2055 1143 2129 indieal'.

130 2164 225 2231 Mero
245 2185 354 2229 errore
370 2165 563 2247 factumest,
587 2173 623 2228 ut
637 2151 759 2250 σδρκος,
781 2163 870 2252 quod
886 2172 937 2228 est
948 2162 1145 2230 Lesbiorum

62 2289 112 2354 pro
126 2267 239 2350 σάρκες
254 2264 318 2331 οἰδ.
330 2266 397 2332 L.l
412 2266 444 2348 ξ.
459 2268 512 2349 12,
525 2267 558 2349 3,
579 2267 739 2332 Doricum
750 2267 875 2333 dicatur
885 2263 1080 2350 Ε1.Μ.708,’
1090 2264 1143 2332 31.

132 2369 166 2451 6)
208 2361 344 2432 Verulis
367 2389 381 2429 ε
402 2366 523 2431 inserta
544 2377 612 2454 est,
652 2369 682 2434 si
710 2381 837 2458 spectus
858 2369 1024 2456 vulgarem
1041 2359 1145 2436 ‘ratiu-

61 2493 145 2554 nem,
177 2470 214 2534 in
244 2468 428 2552 δένδρεον
459 2469 591 2534 lleracl.
625 2480 658 2534 et
680 2469 768 2535 Cret.
792 2470 897 2554 2555,
932 2469 1152 2556 ἀδελφεός,

62 2573 136 2660 quod
155 2581 259 2637 metro
282 2577 417 2658 cogente
439 2569 623 2636 restitutum
644 2581 695 2636 est
708 2570 825 2660 Epieh.
844 2575 884 2657 3,
908 2573 1004 2638 ὤεον
1025 2570 1142 2660 Epieh.

62 2674 132 2759 103,
165 2697 249 2764 quoe
273 2683 349 2738 sunt
370 2673 478 2738 omnia
498 2671 618 2740 Doridi
638 2696 704 2738 non
725 2673 879 2764 propria,
913 2675 970 2739 sed
992 2673 1088 2739 utinm
1108 2675 1145 2740 in

63 2775 122 2841 aliia
144 2776 292 2842 dialectis
312 2799 352 2839 ex
382 2765 572 2864 antiquitate
601 2785 735 2842 retente.
788 2775 880 2842 Inter
907 2799 1066 2843 consonas
1095 2777 1145 2841 ina

64 2887 171 2941 senum
201 2887 257 2940 uut
281 2876 391 2965 potius
420 2888 580 2942 retentum
609 2903 624 2943 ε
655 2878 774 2944 hnheut
795 2880 998 2966 πέλεδρον
1020 2880 1143 2968 Amph.

63 2978 153 3065 1688,
177 2980 315 3059 πέλεθρα
346 2989 379 3044 et
406 2983 644 3062 respondetote
666 2979 801 3070 Coregr.
827 2981 910 3049 1840
932 2981 1003 3056 (sed
1025 2981 1061 3048 in
1082 2983 1145 3047 hoe

63 3081 163 3146 eodem
192 3081 289 3145 titulo
320 3083 460 3167 πλέθρα,
493 3084 718 3167 τετραπλεδρία
746 3094 779 3147 et
812 3085 1002 3167 δοιολεθρία).
1063 3084 1144 3149 Item

63 3183 169 3248 voculis
201 3182 309 3248 addita
338 3182 466 3248 videtur
495 3185 531 3248 in
564 3183 752 3269 repulsor,
786 3183 914 3267 τόρνος·
954 3186 1144 3266 Ταραντῖνον
1187 3188 1192 3208 “

63 3281 194 3374 Heageh.
248 3284 455 3350 Cretensium
486 3285 711 3374 magistratus,
745 3285 802 3373 qui
823 3286 929 3374 vulgo·
943 3284 1069 3366 Κόσμον
1089 3307 1144 3352 uo-

64 3398 165 3451 cantur
184 3409 292 3474 neque
315 3386 408 3452 aliter
429 3387 464 3451 in
485 3387 588 3453 titulis
605 3387 748 3454 Creticis
766 3409 817 3450 nr.
829 3385 925 3453 2554.
938 3386 1033 3453 2556.
1047 3386 1142 3454 3048.

64 3485 146 3554 3040.
176 3488 271 3554 3053.
312 3491 356 3553 Α.
386 3489 426 3552 Β.
458 3488 551 3555 3054.
585 3487 678 3554 3055.
710 3486 806 3554 3056.
830 3486 932 3570 3058,
964 3486 1145 3568 Κδσμοοι

65 3590 256 3678 appellantur
276 3589 311 3654 in
332 3615 383 3653 nr.
399 3591 493 3656 3047.
517 3591 611 3658 3050.
637 3591 732 3658 3051.
755 3587 850 3655 3052.
873 3588 957 3654 3057
979 3588 1067 3654 etin
1089 3615 1144 3656 uu·

65 3689 246 3779 tiquiurihus
270 3689 438 3756 Strnhonis
461 3693 657 3758 editionibus
679 3693 713 3757 X
734 3717 768 3781 p.
785 3692 860 3759 738.
877 3690 950 3756 741.
1094 3719 1096 3724 ·

138 3793 211 3878 Quo
228 3795 305 3880 jure
322 3793 501 3858 Dorienses
522 3795 679 3884 ancipites
700 3793 880 3883 producere
900 3790 1084 3874 traduntur,
1108 3808 1145 3863 ut

68 3890 124 3969 ιὀος
145 3920 202 3985 pro
224 3898 293 3969 ἴσος
307 3897 352 3973 ⁴),
376 3917 441 3961 uon
464 3907 608 3986 apparet.
661 3887 664 3895 ’

97 4031 121 4094 ι)
152 4018 195 4085 ml
215 4032 255 4084 ιι.
274 4031 341 4094 ιιι,
362 4034 411 4096 ιι,
440 4031 483 4085 m.
505 4031 538 4084 u.
555 4031 623 4098 ose,
642 4034 691 4096 ιο,
719 4033 792 4085 run.
817 4031 892 4082 oxx.
919 4029 947 4097 1,
966 4031 1031 4096 οιο,
1050 4033 1084 4086 re
1108 4035 1142 4084 οι

70 4101 124 4170 itm:
150 4118 210 4176 ’ἴσως
236 4113 377 4185 ὁποιηιήο
396 4119 556 4181 (Homerus)
575 4119 693 4189 Δωρικῶς
706 4117 812 4170 'duraturo
827 4115 858 4166 οδ
877 4117 1003 4186 δίχρονον.
1046 4118 1072 4172 J.
1091 4119 1142 4172 Gr.

70 4199 172 4288 ²⁴²&
192 4204 241 4258 Gr.
261 4203 291 4256 G.
310 4205 367 4258 302.
394 4203 423 4255 ui
440 4203 552 4263 leudone
568 4209 620 4256 τῶν
636 4203 761 4277 διχρόνων
777 4205 907 4268 οοοιχιίων
923 4203 994 4256 ἴδιον.
