2746 4818
223 392 300 472 3284
483 389 518 484 §,
541 389 602 468 45.
650 391 707 466 De
726 391 843 486 variis
866 387 1074 490 particulis.

224 600 394 671 Herodoto
416 599 626 690 potissimum
648 597 821 666 familiaris
844 610 914 684 est,
937 599 1034 667 etiam
1058 602 1148 692 apud
1170 603 1316 693 Epichar-

39 705 42 715 ’
172 743 175 754 .
223 730 314 772 mum
346 701 486 796 reperiri
519 702 561 766 l'r.
588 699 630 767 19
659 699 718 764 ἀπ’
748 695 790 765 aiv
822 698 968 787 ἠχθόμαν
1003 714 1035 770 et
1065 705 1107 769 l'r.
1133 705 1176 772 82
1205 703 1252 769 ἐπ’
1282 701 1317 770 dv

224 810 360 889 ἐπίομες.
424 803 577 870 Similem
607 803 861 870 collocationem
892 828 990 894 supra
1019 803 1051 887 ᾗ.
1076 803 1120 872 40
1152 819 1220 872 not.
1243 809 1262 874 3
1287 807 1314 872 in

140 919 144 925 “
224 909 329 975 Ther.
344 905 442 974 2448.
467 905 548 992 Vll,
574 906 616 974 10
637 904 861 972 restituimus=
888 905 949 970 ὅσα
970 933 1011 969 κα
1029 904 1073 988 μή
1098 903 1141 972 aiv
1162 911 1316 992 πέπραται.

219 1073 227 1088 ,
308 1012 343 1092 6)
389 1007 587 1074 Euclitienm
616 1016 696 1086 θην
720 1006 884 1096 genuinae
905 1007 1039 1074 Atthidi
1060 1007 1207 1096 ignotam
1231 1011 1318 1078 Doris

225 1136 300 1180 cum
331 1108 424 1199 epioe
455 1109 597 1175 dialecto
632 1133 838 1174 communem
871 1109 993 1192 hahet,
1047 1109 1318 1199 Syracusanorum

224 1227 314 1282 certe
342 1213 468 1298 lingue.
519 1210 663 1300 Legitur
683 1211 771 1277 enim
792 1211 879 1298 apud
903 1211 1110 1303 Sophronam
1133 1213 1176 1278 l'r.
1202 1215 1254 1282 10.
1274 1214 1317 1280 54.

224 1319 286 1400 92,
321 1313 442 1403 Epich.
467 1311 507 1378 18
529 1335 590 1377 nec
611 1335 686 1377 roro
708 1312 794 1403 apud
817 1311 1044 1380 Theocritum.
1090 1315 1242 1382 Eandem
1263 1319 1319 1382 Ae-

226 1418 363 1506 schylus
385 1416 498 1480 Prom.
510 1414 575 1481 930
597 1412 722 1482 Siculis
746 1414 863 1482 dehere
886 1415 1027 1482 videtur.
1073 1417 1243 1484 Potestate
1264 1441 1318 1482 non

225 1521 366 1588 multum
389 1542 407 1582 a
430 1513 467 1594 δή
492 1515 601 1582 dill'ert
623 1516 690 1583 vid.
715 1517 881 1606 Hartung.
916 1517 1036 1584 Pertic.
1061 1518 1122 1584 Gr.
1152 1519 1169 1584 Ι
1197 1545 1233 1610 p.
1256 1520 1318 1586 313.

309 1622 344 1700 7)
381 1621 498 1695 ”Am
525 1643 586 1708 pro
617 1619 689 1684 ἄνευ
709 1620 834 1710 legitur
855 1621 1001 1686 Acheru.
1026 1621 1109 1705 800,
1143 1646 1320 1713 quanquam

225 1724 308 1792 ibid.
326 1721 391 1790 764
415 1721 485 1784 ἄνευ
508 1725 543 1784 ἰιι
566 1720 663 1787 libris
687 1732 748 1786 eet.
781 1722 874 1788 Idem
896 1737 1171 1790 commemoratur
1191 1725 1321 1790 a'l'heo·

226 1836 345 1917 gnosio
366 1824 458 1889 Anu.
478 1822 563 1888 (lxx.
586 1823 643 1905 11,
667 1823 749 1906 163,
772 1825 793 1892 8
816 1824 887 1900 ἄνις
910 1824 976 1890 ἀντὶ
998 1831 1054 1891 τοῦ
1075 1827 1174 1910 χωρίς·
1197 1835 1232 1892 et
1250 1825 1320 1914 legi·
1361 1845 1362 1892 l

224 1943 279 1996 tur
301 1939 468 2019 praeterea
490 1924 658 2014 Lycophr.
683 1925 765 2008 350,
794 1925 935 1992 Nicand.
961 1926 1020 1993 ΑΙ.
1044 1927 1107 1994 419
1137 1939 1171 1992 et
1200 1926 1237 1992 in
1263 1927 1321 2018 epi·

166 2027 170 2039 ’
225 2041 402 2124 grammate
426 2027 608 2118 Cyrenaico
629 2023 747 2092 Journ.
773 2026 831 2100 des
854 2028 931 2096 Seu.
958 2029 1042 2097 1828
1061 2054 1096 2118 p.
1115 2029 1190 2096 184.

310 2137 432 2219 zeina,
463 2153 559 2218 quem
582 2128 719 2194 formam
742 2131 946 2218 grammatici
968 2135 1256 2215 προπιρισπᾶσθιιι
1277 2132 1322 2198 do·

225 2246 301 2303 cent
315 2238 363 2318 ⁵),
386 2254 447 2322 pro
468 2234 565 2317 χωρίς
585 2230 710 2321 legitur
731 2229 834 2298 Ther.
855 2234 953 2301 2448.
977 2233 1023 2318 V,
1045 2235 1066 2299 7
1088 2244 1121 2300 et
1142 2233 1234 2322 apud
1258 2234 1322 2300 Cal·

224 2338 403 2404 limaehnm
424 2335 466 2400 l'r.
491 2333 553 2417 48,
577 2333 713 2422 vulgare
734 2334 991 2426 zupla'Coreyr.
1016 2334 1112 2404 1845.

311 2439 421 2524 ἄχρι,
459 2459 526 2501 non
557 2435 666 2522 ἄχρις,
700 2457 829 2526 semper
858 2438 982 2528 legitur
1009 2437 1046 2504 in
1074 2437 1202 2506 ta‘hulis
1230 2439 1322 2506 Hera·

224 2541 413 2613 elcensihus
436 2542 533 2605 etiam
557 2549 631 2605 ante
648 2538 779 2606 vocales
801 2550 838 2604 ut
860 2541 935 2626 ἄχρι
957 2542 989 2616 ἐς
1009 2538 1163 2622 ποταμόν.
1209 2542 1323 2609 Eadem

224 2649 340 2714 forme'
360 2641 474 2710 neseio
508 2667 549 2707 au
578 2641 782 2708 restituenda
811 2641 854 2707 eit
884 2642 1021 2734 Coi-cyr.
1048 2643 1247 2722 1845,135
1273 2669 1325 2736 pro

226 2749 341 2836 ἀχροι,
363 2744 452 2834 quod
474 2743 662 2809 Boeckhius
684 2743 719 2809 in
744 2743 835 2831 ἄχρις
858 2745 1005 2812 mutavit.

310 2848 363 2913 De
391 2845 558 2926 πέρυτις
589 2845 643 2911 vel
670 2845 810 2930 πέρυτι
831 2871 892 2936 pro
914 2847 1044 2933 πέρυσιν
1065 2847 1213 2913 diximus
1238 2869 1326 2938 supra

224 2951 257 3036 ἓ.
276 2950 311 3035 6,
326 2950 380 3016 7.,
404 2945 574 3012 Aduerbio
596 2946 777 3012 numeralia
798 2948 835 3013 in
857 2975 908 3027 ιιις
929 2973 996 3015 non
1017 2948 1181 3035 abjiciunt
1206 2950 1326 3025 cfinnle

224 3053 294 3120 nisi
321 3048 456 3118 licentia
485 3047 637 3137 poetica,
673 3059 710 3113 ut
736 3049 861 3138 τετράκι
883 3051 917 3116 in
941 3053 1175 3140 epigrammate
1197 3053 1328 3118 metrico

223 3155 353 3245 Argivo
376 3176 426 3217 nr.
442 3151 483 3218 35
496 3149 613 3234 Rosa,
635 3149 764 3216 τουτάκι
785 3152 885 3218 Pind.
896 3154 935 3218 P.
952 3153 1013 3232 lv,
1025 3153 1068 3221 28
1087 3163 1121 3218 et
1133 3153 1177 3217 fr.
1191 3155 1259 3222 283
1271 3165 1325 3220 etc.

310 3258 346 3335 8)
384 3255 593 3330 Ἔπειτιτ,
627 3252 716 3344 quod
738 3253 889 3320 Ionicum
922 3280 984 3345 pro
1010 3255 1113 3319 ἔπειτα
1134 3278 1214 3321 esse
1237 3257 1329 3322 tradi·

225 3373 281 3428 tur
301 3359 342 3426 ah
364 3355 464 3424 Aelio
487 3353 654 3444 Dionysio
672 3354 761 3443 apud
782 3356 934 3424 Eustalh.
954 3355 1050 3440 1215,
1073 3358 1115 3424 32
1137 3369 1171 3422 et
1194 3359 1329 3426 dialecto

113 3543 120 3548 ¹
224 3487 294 3532 non
325 3457 494 3526 nominate
526 3469 798 3524 commemoretur
828 3483 846 3524 n
876 3459 1094 3549 Theognonto
1123 3458 1221 3524 Anu.
1248 3462 1329 3530 0¹1.

225 3568 280 3644 ll,
304 3561 387 3643 161,
408 3560 471 3642 29,
491 3558 614 3646 legitur
634 3560 781 3626 Acheru.
806 3561 867 3627 711
891 3574 924 3626 et
945 3561 1092 3628 Pindaro
1113 3560 1299 3651 aliquoties
1317 3585 1332 3628 a

226 3664 395 3735 Bo'eclrhio
410 3660 599 3728 reetitntum
612 3673 664 3729 eal
685 3661 754 3728 vid.
770 3661 862 3729 Nott.
883 3662 981 3729 criu.
999 3664 1040 3728 ud
1054 3663 1153 3752 Pyth.
1172 3663 1240 3748 lv,
1261 3665 1331 3734 211.
1359 3685 1360 3750 }

311 3772 431 3832 ἕνεκα
454 3771 487 3830 et
508 3767 643 3828 έίειιιν
671 3763 785 3830 eedem
806 3766 934 3832 ratione
956 3767 1122 3834 differunt.
1167 3767 1265 3836 Illud
1288 3777 1334 3834 eol
1359 3753 1360 3784 ¹

226 3867 354 3958 Megar.
379 3865 480 3951 1052,
512 3865 622 3932 Rhod.
653 3865 759 3951 2525,
782 3866 825 3952 h,
858 3869 981 3957 Astyp.
1003 3869 1101 3936 2483.
1125 3867 1228 3936 2484.
1251 3867 1334 3938 2487

227 3984 314 4056 ete,
356 3971 420 4036 hoe
449 3968 581 4046 Gelam.
613 3967 718 4052 1189,
763 3969 918 4061 Caluum.
940 3968 1045 4055 2671,
1086 3969 1212 4060 Αεῐῃ).
1236 3971 1360 4044 2480,η

229 4074 305 4142 Gel.
329 4081 392 4139 eto.

230 4221 482 4240 ...Μ

262 4303 291 4369 5)
327 4299 376 4356 Et.
393 4298 434 4354 M.
452 4299 515 4366 607,
534 4299 583 4365 23,
600 4295 729 4354 Eusleth.
748 4297 817 4367 122,
838 4301 871 4356 10
889 4321 922 4342 -·
940 4301 1010 4369 630,
1030 4300 1065 4356 26
1083 4327 1116 4342 -
1135 4301 1223 4369 1879,
1240 4301 1290 4356 86.
