2746 4818
237 349 314 424 342
608 343 667 416 Do
696 337 963 440 conjugatione.

169 559 174 578 ¹
238 561 340 616 ratam
364 545 569 639 putaverimr
600 568 676 612 nam
705 544 736 612 si
766 544 842 636 quis
873 541 914 611 de
943 541 1087 610 veritoi
1071 567 1180 630 ισχαμσ
1205 542 1321 632 cogitet,

238 654 346 737 ἵσχημι
367 649 478 742 potius
500 648 706 738 postulamus
727 657 761 713 et
782 647 896 714 indec’
882 647 1005 733 ισχεῒεν.

324 751 444 830 ζάω
434 775 471 816 na
499 750 723 818 contractione
749 747 1049 838 monosyllabarum
1071 747 1224 838 stirpium
1243 747 1359 814 ratio·

221 869 315 920 'nem
345 852 495 945 sequitur
525 850 593 920 vid.
625 853 658 936 ξ.
682 852 744 936 38,
767 853 801 920 2.
852 851 1080 941 Reperinntur
1108 852 1171 916 lrae
1197 853 1322 918 formae.

239 957 349 1026 Indie.
374 960 413 1044 ζῇ
434 955 556 1045 Epiclr.
570 955 644 1042 95,
658 954 757 1040 ConJ'.
781 956 873 1029 ζωντι
894 954 998 1018 Phoc.
1013 953 1069 1019 73.
1082 953 1123 1020 81
1136 952 1196 1037 ll„
1218 953 1324 1020 Partic.

241 1063 303 1136 ζῶν
324 1057 445 1148 Epich.
460 1057 523 1139 96,
546 1056 658 1122 erotl.
680 1053 779 1139 2525,
795 1056 836 1140 lr,
862 1054 1012 1132 ἇναζῶσα
1035 1054 1127 1120 Cret.
1145 1055 1242 1123 2566.
1276 1055 1326 1119 Fu·

240 1171 350 1229 turum
379 1163 484 1239 ζησσῑν
505 1156 627 1248 Epirh.
651 1158 714 1226 149
747 1157 793 1238 (si
821 1159 885 1225 loo
913 1159 1133 1246 fragmentum
1162 1156 1327 1246 gennirmo

241 1262 305 1342 est)
326 1289 347 1340 η
370 1271 478 1327 servat
498 1260 568 1328 vio.
591 1261 624 1343 ἕ.
649 1260 710 1346 19,
735 1259 767 1326 3.

325 1361 407 1442 aial,
431 1361 558 1447 dicit,
581 1361 694 1428 Alom.
716 1361 752 1427 in
774 1362 867 1428 Anu.
893 1360 981 1427 (lxx.
1005 1359 1045 1444 Ι,
1068 1358 1150 1444 190,
1173 1359 1227 1428 29.

326 1468 491 1534 otacus
511 1464 650 1534 verbum
670 1463 792 1531 Doridi
813 1465 882 1529 lere
903 1462 1094 1553 proprium,
1115 1462 1206 1553 quod
1225 1485 1267 1529 ex
1285 1483 1328 1527 ar·

242 1566 336 1658 tiquo
357 1567 494 1650 θηεόμαι
515 1567 668 1649 (θαέομαι
689 1564 790 1631 Pind.
819 1566 861 1631 P.
879 1566 986 1650 VIII,
1008 1565 1086 1651 47),
1110 1565 1183 1634 Atr.
1205 1563 1330 1648 θεάσμω

242 1669 288 1734 ita
316 1679 476 1736 mutatum
504 1678 578 1750 eet,
611 1678 649 1734 ut
677 1666 947 1755 conjugationem
969 1667 1005 1734 in
1026 1694 1060 1750 μι
1082 1677 1256 1758 sequatur,
1286 1676 1330 1731 ant

112 1852 117 1860 1
242 1769 353 1863 potios
376 1794 416 1836 ex
436 1770 570 1861 antiqua
591 1769 702 1836 radice
725 1777 808 1835 &oF
830 1770 933 1850 (unde
954 1773 1084 1852 θαῦμα,
1117 1771 1302 1848 σε’θηπαμ
1287 1795 1331 1834 τω

243 1869 327 1961 prio)
351 1872 514 1964 digamma
527 1870 658 1958 abjecto
670 1882 781 1938 natum
796 1881 858 1940 est.
887 1870 1113 1963 Reperinntnr
1125 1871 1187 1938 laae
1202 1872 1330 1940 formae:

331 1974 510 2061 Conjnnct.
535 1963 667 2056 θάμεθα
689 1971 807 2062 Sophr.
831 1975 875 2042 42
896 1975 966 2041 vid.
989 1970 1021 2066 ἕ.
1046 1975 1108 2056 39,
1130 1976 1164 2042 2.

328 2077 482 2166 Imperat.
515 2073 638 2142 θάεο
627 2099 662 2140 an
692 2075 935 2165 epigrammatis
963 2075 1122 2143 Nossidis
1143 2077 1250 2142 Antia.
1271 2075 1331 2142 Pal.

244 2177 313 2263 Vl,
337 2178 421 2260 354,
453 2178 585 2265 Anytae
605 2176 688 2243 ibid.
711 2177 781 2258 IX,
805 2176 889 2263 749,
922 2177 1094 2246 Leonidae
1115 2179 1223 2247 Antlr.
1247 2180 1331 2245 Plan.
1361 2207 1362 2262 J

244 2279 308 2364 lv,
330 2277 395 2345 σω
416 2279 459 2344 er.
484 2277 631 2367 noyon.
654 2277 755 2357 σάω,
778 2277 917 2366 σασα,
948 2284 1059 2348 σασα
1079 2265 1231 2347 aerim.
1251 2280 1316 2349 rso
1361 2279 1362 2282 ‘

329 2379 454 2448 Partic.
467 2379 634 2448 Laconico
650 2381 770 2464 σαμέν
778 2407 810 2460 α,
833 2384 988 2467 θεωμένη,
1010 2387 1186 2472 θεωροῦσα
1198 2385 1332 2474 Hechlr.

245 2508 264 2551 e
286 2493 397 2550 nostra
418 2483 621 2550 correctione
642 2506 703 2572 pro
727 2484 888 2566 σαωμὲνη,
911 2489 1096 2572 θεωροῦσα.

331 2586 478 2654 Praeter.
521 2584 692 2669 ἴσαμεν,
737 2586 954 2669 teramum·
998 2587 1154 2665 Λάκωνες
1198 2586 1333 2674 Hechl.
1362 2649 1363 2670 J

246 2687 458 2777 corrigimus
487 2685 648 2770 ἐσόμεθα,
680 2689 770 2778 qnod
797 2688 832 2754 in
863 2689 1127 2756 terminationem
1155 2689 1335 2780 interpreta-

245 2789 367 2871 menti,
391 2799 427 2854 nt
450 2812 547 2878 saepe
567 2788 936 2878 litapnrlHechlrinm‚
959 2803 1150 2882 corruptum
1167 2803 1231 2858 est.
1263 2791 1337 2858 Nan

245 2891 405 2977 objectiui
433 2891 565 2958 nattum
594 2890 770 2979 vestigium
791 2903 1017 2985 praeterquam
1039 2893 1075 2958 in
1100 2893 1338 2984 suspectissirm

245 2993 409 3084 llesJohii
442 2993 553 3084 glossa
584 2991 729 3072 θάσντα,
766 2994 974 3076 διδάσκοντα,
1009 2999 1215 3081 θεωροῦντα,
1251 3020 1339 3088 quan

246 3095 370 3185 excipit
389 3099 532 3162 θασῦντα
553 3095 683 3177 ὁμοίως.

331 3196 457 3268 Aorist.
480 3197 509 3264 l.
548 3197 703 3286 Imperat.
739 3199 844 3262 θᾶσαι
881 3197 1002 3288 Epialr.
1040 3199 1094 3268 78.
1136 3198 1260 3288 Soplar.
1294 3203 1338 3268 ll

600 3298 746 3366 Theocr.
760 3298 791 3380 1,
811 3299 885 3367 149.
908 3300 974 3384 Ill,
991 3302 1044 3370 12.
1066 3301 1130 3387 Ν,
1148 3303 1202 3370 59.
1226 3305 1277 3383 Χ,
1293 3305 1337 3370 41.

596 3400 677 3486 XV,
699 3399 755 3468 65.
783 3401 849 3491 Ep.
873 3402 926 3469 16.

550 3503 676 3571 Infinit.
699 3501 874 3596 θάσασθαι
893 3503 1036 3570 Theocr.
1059 3504 1117 3588 ll,
1139 3505 1194 3573 72.

548 3605 671 3671 Partic.
695 3604 874 3687 θασάμεσσι
894 3605 1028 3673 Heraol.
1051 3605 1089 3692 Ι,
1112 3607 1167 3675 70.

331 3708 450 3774 Futur.
480 3706 580 3772 θασεῗ
605 3709 627 3774 2
647 3707 735 3795 sing.
758 3718 791 3773 et
812 3710 970 3774 θασεῖσθε
992 3707 1125 3775 Gallim.
1149 3707 1185 3774 in
1209 3709 1291 3778 Cer.
1314 3713 1341 3778 3.

248 3809 308 3893 55,
342 3809 465 3876 Partic.
495 3807 674 3891 θασόμεναι
701 3809 844 3876 Theocr.
874 3809 955 3894 XV,
975 3811 1018 3878 23
1040 3807 1163 3900 (magis
1185 3811 1343 3882 Dorieon

246 3922 334 3978 esset
353 3911 575 3995 θασούμεαασ).

332 4013 550 4104 Imperativus
580 4010 682 4099 θάεο,
716 4013 775 4104 qui
803 4024 916 4081 contra
937 4014 1141 4105 reliquorum
1162 4015 1343 4108 analogian

246 4115 512 4205 conjugationem
534 4109 576 4180 in'
593 4141 618 4179 ω
638 4115 806 4205 seqnitur,
828 4119 969 4184 fortasse
990 4140 1058 4184 non
1082 4139 1101 4182 e
1121 4117 1343 4207 genuinaDo

246 4216 319 4284 ride
343 4216 487 4307 petitos,
521 4217 580 4285 sed
610 4242 632 4287 ι
659 4217 901 4287 recentioribus
916 4217 1038 4311 politis
1064 4217 1163 4288 lictus
1190 4231 1257 4288 est.
1312 4219 1345 4287 si
