2746 4818
237 347 313 426 396
486 343 521 438 §.
541 340 604 422 47.
654 346 711 418 De
738 343 910 431 uniuersa
930 281 1085 425 lioride.

318 553 360 619 ln
380 560 535 618 accentus
565 551 693 617 ratione
713 549 815 616 Doris
836 550 1002 640 ignoravit
1023 551 1219 618 Lesbiorum
1241 554 1325 643 bary·

234 655 389 740 toncsin‚
427 653 510 720 adeo
543 653 632 720 acati
662 653 775 745 paullo
803 651 966 748 amantior
990 654 1055 718 t'uit
1083 679 1180 744 quam
1210 656 1327 740 Atthis,

232 758 375 825 maxime
396 779 476 823 vern
501 779 576 822 cum
599 756 659 822 hac
682 778 721 821 eo
745 754 876 837 differt,
910 753 1002 845 qnod
1030 757 1204 847 antiquum
1225 781 1327 824 accen·

233 872 305 926 tum
325 869 461 950 propter
489 857 659 924 literarum
680 857 734 924 vel
755 856 1035 947 pronuntiationis
1055 859 1217 925 rationem
1236 874 1328 927 muta·

232 973 300 1028 tam
329 972 386 1028 aut
412 961 487 1026 aliis
517 959 559 1036 de
588 959 698 1026 causis
728 957 769 1024 ah
790 958 931 1025 Atthide
953 958 1118 1042 desertum
1141 984 1241 1052 saepe
1260 961 1330 1028 reli-

232 1063 328 1154 giose
350 1062 504 1130 sanavit.
529 1097 572 1110 -
593 1061 650 1127 Aa
663 1059 871 1128 Lesbiacam⁰
883 1061 1027 1150 psilosiu
1049 1087 1151 1153 quum
1171 1064 1330 1154 antiquior

232 1166 333 1231 Doris
353 1165 516 1232 inclinare
537 1163 711 1247 videatur,
735 1173 877 1230 attamen
898 1165 934 1229 in
956 1164 1147 1231 universnm
1169 1190 1190 1230 a
1209 1163 1331 1256 vulgari

151 1341 155 1349 ¹
234 1268 372 1358 spiritus
394 1266 522 1332 ratione
545 1287 613 1330 uon
636 1265 777 1331 multum
799 1265 976 1332 receditur.
998 1305 1042 1318 -·-
1085 1266 1264 1358 Digamma
1284 1291 1329 1333 an·

231 1370 359 1460 tiquior
378 1366 483 1434 Deris
506 1391 525 1433 e
545 1367 771 1434 vetustissime
798 1367 915 1456 lingna
938 1392 1004 1434 non
1026 1368 1138 1434 minus
1158 1370 1331 1435 retinuerat

232 1495 331 1560 qnam
352 1469 511 1537 Aeolicae
535 1469 686 1554 dialecti,
708 1495 813 1561 quum
833 1471 871 1536 iu
891 1468 969 1534 Iade
991 1479 1025 1534 et
1038 1469 1177 1537 Atthide
1200 1470 1261 1536 diu
1282 1471 1332 1537 oh-

233 1571 431 1658 solevisret3
463 1571 524 1639 sed
554 1572 632 1639 iude
662 1597 682 1637 a
711 1572 828 1662 quinto
851 1573 921 1639 lere
945 1572 1077 1640 saeculo
1097 1596 1175 1663 pars
1198 1572 1332 1640 Dorien-

231 1674 316 1740 sium
338 1675 484 1742 aversari
505 1673 542 1741 id
563 1687 663 1766 atque
683 1674 847 1762 abjicere,
880 1698 982 1763 quum
1008 1698 1105 1765 pars,
1134 1675 1271 1743 turbato
1290 1685 1332 1740 tr-

229 1801 304 1844 men
335 1776 441 1868 magis
468 1778 643 1869 magisque
674 1800 759 1860 usu,
798 1776 924 1842 diutius
953 1777 1120 1843 retineret.
1151 1817 1196 1828 -
1248 1778 1332 1843 lnter

230 1902 392 1947 consonas
414 1881 586 1970 antiquum
607 1907 644 1966 τ,
669 1879 760 1970 qnod
781 1879 822 1944 alr
844 1879 1005 1963 Ionibus,
1027 1878 1172 1962 Atticis,
1202 1879 1332 1947 Lesbiis

229 1981 266 2048 in
290 2007 309 2046 σ
329 1991 489 2048 mutatum
509 1993 578 2068 est,
608 2006 627 2048 a
648 1980 871 2048 Doriensibus
892 1982 1085 2066 tenebatur,
1119 2004 1219 2072 quem
1241 2005 1332 2049 usum

229 2083 349 2150 Boeoti
370 2084 407 2150 in
428 2083 597 2174 plerisque
627 2107 832 2151 communem
858 2084 994 2150 habent.
1049 2082 1199 2149 Literum
1220 2085 1333 2176 lioppa

229 2187 370 2277 ejusque
390 2174 538 2276 priscum
560 2209 677 2254 sonum
700 2187 771 2253 sola
792 2185 927 2276 antiqua
941 2184 1046 2254 Doris
1068 2187 1114 2266 (si
1128 2183 1332 2253 Crotoniatas

229 2288 382 2354 Achaeos
393 2286 542 2368 Doribus
560 2288 774 2354 adnumerare
787 2284 883 2372 licet)
906 2310 1054 2355 servasse
1074 2287 1217 2355 videtur.
1257 2291 1331 2358 Item

229 2387 351 2454 Doridi
372 2379 548 2479 peculiare
564 2402 635 2474 est,
668 2390 758 2481 quod
788 2389 824 2459 in
854 2389 1029 2457 verborum
1058 2390 1094 2454 in
1124 2395 1168 2466 ζω
1193 2393 1331 2460 declina·

228 2489 349 2557 mentis
381 2492 506 2584 ubique
538 2485 555 2570 ξ
587 2516 648 2584 pro
676 2494 809 2584 vulgari
840 2517 859 2556 σ
889 2492 1092 2582 conspicitur
1121 2493 1190 2560 vid.
1223 2497 1262 2579 δ.
1288 2497 1330 2563 11.
1366 2577 1367 2584 ¹

231 2593 330 2678 Quod
351 2618 419 2662 non
447 2619 466 2660 e
496 2620 623 2662 summa
652 2594 848 2688 antiquitate
877 2594 1032 2661 traditum
1059 2583 1134 2662 csse
1163 2597 1332 2665 docuimus
1366 2603 1367 2662 l

229 2696 287 2762 sed
310 2694 484 2763 erudiere
506 2698 647 2787 quodam
671 2721 890 2764 consonarum
912 2719 1075 2764 concursu
1091 2707 1224 2778 natum,
1253 2701 1332 2766 unde

227 2823 296 2863 non
318 2797 444 2864 minore
461 2799 540 2885 jure
562 2799 766 2866 Lesbiacum
791 2825 832 2864 oo
853 2799 979 2890 prodiit
1003 2797 1060 2886 (L.
1078 2793 1104 2864 Ι1
1117 2803 1148 2883 ξ.
1167 2801 1224 2886 9),
1253 2803 1334 2895 quod

227 2923 247 2965 a
268 2899 404 2965 Boeotis
425 2898 462 2964 iu
485 2926 519 2962 π
539 2910 698 2966 mutatum
719 2911 771 2967 est
791 2901 848 2982 (L.
871 2901 889 2966 1
916 2900 949 2984 ᾗ.
974 2901 1028 2985 37,
1052 2903 1107 2986 3),
1130 2902 1172 2967 ala
1196 2903 1332 2971 Ionibus
1365 2917 1366 2940 ³

228 3013 261 3067 et
281 3000 404 3067 Atticis
426 2999 462 3066 in
482 3000 624 3091 simplex
648 3028 679 3068 σ.
710 3039 752 3051 -
795 3003 887 3069 luter
914 3003 1046 3069 vocales
1076 3007 1096 3068 ἅ
1121 3029 1184 3094 pro
1216 3031 1232 3071 ε
1263 3021 1296 3074 et
1322 3035 1334 3072 o

225 3103 370 3193 positum
392 3127 467 3170 cum
490 3101 640 3170 Doribus
660 3107 856 3196 plerumque
874 3104 993 3173 Boeoti
1015 3129 1192 3173 commuue
1215 3111 1334 3176 habent

227 3199 285 3282 (L.
308 3206 325 3270 l
355 3199 385 3294 ᾗ.
409 3207 484 3291 38),
515 3218 604 3274 certe
631 3206 691 3272 ubi
718 3235 739 3272 α
759 3219 924 3275 vetustum
947 3231 1022 3284 esse
1042 3208 1195 3296 uidetur,
1230 3213 1334 3278 rarius

225 3307 350 3375 Aeoles
385 3315 435 3390 (ut
464 3309 548 3378 Dor.
581 3309 717 3388 ἄλλοκα,
758 3310 862 3378 Lesb.
894 3309 1005 3376 ἄλλοισι
1036 3351 1079 3360 -
1111 3310 1201 3378 Dor.
1233 3315 1331 3380 Lesb.

228 3410 372 3491 ἄνωθα),
395 3410 454 3500 qni
475 3412 587 3500 potius
605 3412 786 3480 contrarias
801 3413 1000 3478 mutationes
1014 3411 1223 3483 adamarunt.
1260 3419 1334 3482 Pro
1364 3363 1365 3438 d

227 3513 362 3579 ductum
389 3514 409 3577 ἆ
432 3536 494 3604 pro
524 3543 544 3594 η
575 3525 613 3580 ut
638 3514 747 3581 Dones
779 3514 824 3582 ita
847 3514 1007 3582 Aeolicae
1035 3515 1168 3582 dialecti
1205 3515 1334 3611 (paucis

226 3612 423 3704 quibusdam
445 3616 612 3706 exceptis,
642 3639 728 3706 qnae
749 3615 867 3683 Lesbii
889 3617 1051 3708 peculiari
1073 3618 1207 3688 ratione
1228 3623 1335 3714 prole

225 3717 354 3797 rebant)
384 3726 418 3781 et
446 3718 555 3783 omnis
586 3717 712 3786 Graeca
739 3719 856 3809 lingua
883 3729 1015 3810 praeter
1035 3719 1147 3785 ladem
1169 3733 1206 3788 et
1228 3723 1335 3790 Auti-

225 3817 300 3882 dem
333 3829 495 3884 extremae
524 3818 713 3908 antiquitati
743 3817 875 3886 debent.
943 3822 985 3887 lu
1015 3823 1261 3892 contractionis
1293 3851 1337 3892 ra·

226 3918 317 3986 tione
340 3943 375 3984 os
388 3919 512 3989 Dorico
535 3946 624 3988 more
646 3921 683 3986 in
705 3949 724 4000 η
748 3933 950 3989 contractum
972 3934 1111 4015 utraque
1124 3924 1248 3992 Aeolis
1273 3951 1337 3993 nnn

224 4020 376 4112 ignorat,
410 4044 551 4116 eumque
581 4023 716 4092 modum
735 4025 900 4092 vocalium
921 4048 1004 4094 sono
1025 4025 1240 4116 aptissimum
1265 4052 1337 4096 esse
1362 4075 1363 4112 1

225 4136 369 4216 apparet.
425 4125 502 4193 Non
531 4124 641 4192 minus
670 4132 692 4192 ᾶ
717 4151 760 4194 ex
788 4153 828 4194 aa
849 4136 882 4193 et
910 4153 957 4193 αω
979 4126 1102 4194 Dorice
1130 4139 1251 4196 natum
1273 4131 1337 4196 Le·

227 4225 310 4293 abiis
332 4250 504 4294 commune
526 4238 576 4293 est
605 4239 658 4312 et,
691 4241 851 4319 quantum
878 4253 939 4322 per
959 4228 1197 4307 contractionis
1218 4231 1337 4324 ingan
