2746 4818
348 435 379 528 6.
405 439 468 514 40.
521 441 578 514 De
603 435 718 515 verbo
744 441 811 531 εἰμί
1055 439 1135 520 323

37 643 114 727 335,
137 645 179 712 12
200 655 265 710 etc.
310 643 459 710 Pessime
480 637 580 724 ἦμες
600 641 749 710 Dorihas
769 641 926 710 tribuitur
946 643 982 710 in
1005 643 1132 714 Scholl.

37 747 176 813 Theoer.
200 747 288 832 VII,
311 747 373 830 863
416 769 492 812 nam
522 773 538 822 ς
565 769 626 836 pro
654 773 695 830 a,
729 742 820 836 quod
841 745 943 812 Doris
971 745 1007 812 iu
1029 746 1133 836 primu

36 871 171 936 persona
192 847 315 938 plurali
337 859 370 912 et
391 848 426 912 in
448 841 488 926 ἧς
510 871 529 914 e
550 871 676 913 summu
698 847 891 938 antiquitate
911 848 1064 916 traditum
1081 873 1133 918 aa·

36 950 138 1040 cepit,
162 951 202 1014 ah
225 949 383 1016 infinitIvi
404 948 634 1014 terminatione
656 949 897 1016 alienissimum
920 961 983 1017 cst.
1012 951 1134 1046 Neque

35 1077 70 1118 ea
98 1054 204 1118 forma
233 1053 357 1141 legitur
387 1051 453 1116 nisi
484 1052 518 1116 in
547 1063 638 1139 parte
664 1050 826 1117 librorum
847 1053 1131 1140 Theocriteorum,

34 1155 119 1221 nude
140 1158 177 1222 in
199 1153 344 1221 editione
366 1153 575 1220 Meiuehiana
598 1153 721 1242 septies
742 1163 873 1243 recepta
893 1166 964 1222 ests
1000 1156 1053 1240 II,
1076 1160 1130 1224 41.

33 1253 101 1339 III,
125 1255 271 1340 8.V11,
297 1257 371 1323 129.
394 1255 498 1339 VIII,
521 1256 574 1322 73.
606 1253 679 1336 XI,
703 1255 757 1322 79.
785 1255 893 1338 XIII,
915 1259 948 1324 6.
972 1258 1073 1343 XIV,
1097 1261 1131 1343 6,

35 1358 121 1422 etin
142 1359 228 1424 malo
249 1357 484 1446 Aristophanis
512 1356 626 1424 codice
647 1364 679 1421 A
707 1356 854 1423 Acheru.
878 1357 952 1425 707.
1002 1359 1133 1428 Mechl-

34 1483 171 1524 maunus
194 1459 234 1524 de
257 1458 335 1524 dial.
363 1459 478 1524 Bucol.
508 1481 541 1547 p.
566 1457 628 1524 132
654 1457 724 1523 sola
753 1459 913 1524 librorum
942 1463 1133 1530 auctoritate

34 1561 135 1627 fretus
158 1574 245 1626 recte
268 1586 310 1626 ne
331 1559 511 1626 Theocrito
532 1558 666 1647 quidem
687 1559 841 1624 concedit
868 1559 959 1626 illam
981 1565 1131 1651 Iororam,

34 1689 132 1752 quam
152 1687 215 1729 nos
237 1662 485 1752 hyperdoricam
508 1683 583 1726 esse
605 1659 813 1726 affirmamus.

183 1761 483 1854 Perticipium.

118 1865 191 1930 ἐών
219 1889 295 1953 gro.
317 1850 434 1939 “stator
463 1863 590 1952 Megar.
621 1863 724 1931 1052.
759 1863 883 1953 Delph.
915 1863 1009 1934 1699.
1035 1868 1129 1936 1702.

34 1967 371 2045 1704.1705.1706,
406 1967 511 2032 Phoe.
542 1963 669 2048 8111,
703 1965 840 2054 Corcyr.
873 1967 976 2051 1845,
1018 1966 1130 2035 Rhod.

33 2071 130 2152 2525,
144 2071 176 2134 b.
201 2069 261 2153 39,
284 2068 404 2158 Epich.
427 2067 490 2150 94,
514 2066 698 2134 'simoenl
722 2067 828 2147 ἐόντα,
851 2069 942 2159 quod
963 2070 1132 2158 syuizesio

34 2173 165 2260 patitur,
189 2165 289 2262 saepe
302 2171 389 2259 apud
403 2168 655 2256 Archimedem
678 2171 756 2235 lem.
775 2171 842 2237 tot
850 2195 897 2236 σα
912 2171 1035 2262 Delph.
1049 2173 1133 2242 1705

33 2287 66 2340 ct
85 2273 173 2364 apud
193 2273 444 2348 Archimedem,
469 2273 553 2335 ἐῶσα
576 2271 666 2340 Cret.
689 2273 786 2340 2556.

118 2377 166 2439 ὤν
189 2398 267 2464 geo.
292 2375 380 2450 ὄντος
401 2371 523 2464 Delph.
548 2375 630 2440 1704
652 2387 684 2439 et
705 2373 800 2453 1709,
821 2377 862 2459 b,
897 2375 1010 2441 Aetol.
1033 2377 1131 2456 2350,

31 2480 174 2545 Thanar.
200 2475 295 2542 1772.
320 2475 421 2558 1773,
451 2475 515 2540 Iss.
540 2476 624 2544 1834
645 2470 766 2557 (οὖσι),
796 2477 906 2542 Rhod.
928 2477 1027 2560 2525,
1040 2479 1073 2543 h.
1098 2481 1131 2563 5,

31 2583 186 2670 Calymu.
211 2579 316 2661 2671,
340 2577 443 2642 Ther.
462 2576 567 2659 2448,
593 2575 682 2642 Cret.
696 2575 793 2642 2554.
806 2578 901 2645 3048.
914 2579 1011 2646 3049.
1027 2580 1131 2666 3058,

31 2687 113 2750 fem.
136 2675 238 2748 odon
258 2679 383 2769 Delph.
401 2677 719 2760 169917031706,
741 2679 975 2767 Aegistho,
997 2681 1130 2770 Anaph.

30 2789 63 2852 1.
80 2786 126 2851 R.
170 2779 276 2847 Vides
299 2781 334 2846 io
355 2780 462 2846 titulis
483 2779 595 2869 paullo
617 2777 855 2846 recentioribus
873 2782 1045 2872 utriusque
1067 2783 1134 2849 Ior-

29 2913 105 2954 mae
127 2909 225 2952 usum
246 2882 362 2971 regula
385 2895 472 2948 certa
487 2881 643 2947 constitui
657 2902 724 2947 uon
737 2905 855 2970 posse,
876 2882 957 2948 adeo
980 2882 1013 2948 in
1036 2886 1133 2952 titulo

26 2987 167 3056 Rhodio
193 2997 365 3076 utramque
392 3007 560 3073 apparere.
614 2983 847 3074 Antiquiorcm
876 2984 1036 3051 Doridem
1064 2987 1133 3076 ple·

24 3093 159 3158 nIorem
186 3090 344 3163 formam,
389 3087 555 3176 qua.sola
584 3095 617 3150 et
645 3085 810 3152 Homerus
842 3097 875 3152 et
903 3085 1070 3154 Pindarus
1100 3099 1134 3154 ct

21 3191 196 3262 Lesbiaea
217 3187 378 3255 dialectos
400 3187 594 3266 utebantur,
628 3189 824 3277 praetulisse
852 3209 1047 3277 persuasum
1077 3191 1136 3254 hu.

19 3299 160 3364 bemus.
204 3292 403 3380 Epicharmo
431 3313 492 3379 pro
520 3289 563 3354 air
583 3292 626 3356 fr.
649 3291 692 3359 98
714 3286 757 3354 ot.
780 3289 949 3373 dedirnusg
984 3288 1134 3376 ejusdem

16 3401 69 3466 I'r.
97 3396 182 3478 140,
214 3394 273 3469 uhi
304 3391 453 3475 συνόντα,
479 3403 668 3482 suspectum
689 3403 751 3456 est.
797 3391 911 3456 Facile
932 3400 1040 3456 tamen
1062 3391 1155 3458 illic'

18 3500 109 3577 ἰών,
141 3496 197 3561 hic
221 3495 367 3559 συνεόντα
386 3494 431 3558 itu
453 3493 582 3558 restitui
603 3503 739 3581 posset,
774 3504 810 3559 ut
832 3493 995 3580 ayuizesis
1018 3496 1132 3560 admit·

16 3594 178 3680 teretur,
201 3595 311 3686 qualis
333 3609 384 3660 est
407 3595 442 3660 in
464 3597 618 3682 παρέωντι
640 3595 681 3658 Ir.
697 3594 760 3660 117
781 3605 814 3659 et
836 3593 924 3660 ἰόντα
938 3595 1084 3662 Timoer.
1100 3598 1131 3662 1.

117 3699 327 3764 Contractam
356 3697 492 3763 Iormarn
522 3691 610 3762 εὖντα
640 3694 784 3759 Theoer.
814 3696 868 3778 II,
902 3698 922 3763 3
950 3697 1133 3764 rectissime

17 3799 219 3876 Heinchius
241 3798 369 3890 expulit
391 3802 581 3881 pepererim
600 3797 796 3881 restituens3
819 3795 1014 3863 femininum
1038 3793 1133 3865 edon

19 3905 115 4000 ¹rprrrl
150 3902 292 3968 cundem
322 3899 443 3990 legitur
471 3900 527 3983 II,
550 3899 611 3976 76,
645 3897 807 3984 παρεὺσας
827 3897 879 3984 V,
902 3897 965 3984 26,
1000 3899 1131 3968 Gallim.

49 4033 112 4074 av.
139 4003 229 4070 PalI.
252 4001 316 4096 69,
352 4025 435 4092 quae
456 4003 561 4069 forma
581 4002 661 4068 latet
682 4025 761 4066 num
778 4001 855 4088 jure
875 3997 999 4070 Dorica
1020 4004 1133 4070 existi·

49 4109 107 4176 ari
131 4106 253 4196 possit.
939 4173 940 4180 ἵ

22 4211 25 4304 l
109 4207 239 4275 Rarior
259 4209 364 4274 forma
387 4205 421 4270 in
441 4205 563 4270 tabulis
577 4203 857 4290 Heracleensihus
878 4202 1002 4292 legitur
1023 4201 1135 4278 ἔντες

23 4325 43 4384 ι
84 4313 153 4377 dat.
187 4309 315 4374 ἔπασσι
345 4305 536 4390 1‚56.69.
561 4305 622 4373 130
653 4319 686 4372 et
718 4305 796 4374 item
824 4305 911 4395 a'purl
939 4305 1135 4370 Alemauenr

871 4436 933 4502 21·
