2746 4818
227 356 261 450 §.
276 357 337 436 44
375 361 432 433 De
449 353 632 434 adverbiis
651 357 725 433 loci
746 371 782 432 et
802 359 990 457 temporis.
1085 359 1163 440 377

60 555 162 648 3049)
182 559 351 646 κοσμὸκτες
372 564 578 650 (κοσμῖοντες,
596 565 808 646 κοσμοῦντες).
843 564 882 629 ln
894 561 1003 629 Rbod.
1016 561 1115 647 2525,
1126 563 1161 631 b.

59 663 98 730 85
127 663 239 730 minos
268 664 392 732 Dorice
420 677 470 732 cst
499 667 551 732 dre
580 665 616 729 ὅέ
642 691 694 730 κα.
740 664 872 732 Deinde
895 666 983 756 opud
1004 665 1163 756 Epichar-

60 789 149 832 mum
170 765 247 832 ποκ’
272 766 480 832 indefinitum
503 781 555 834 est
576 769 618 833 fr.
634 767 697 849 94,
721 767 838 834 οὸαακ’
861 778 894 834 et
915 767 1087 834 οὐαώποκα
1106 769 1163 850 94,

58 868 146 958 opud
169 867 375 956 Sophronem
397 869 438 934 fr.
462 869 518 936 50.
541 870 583 936 54
606 869 815 934 indefinitum
835 867 940 947 ποκά,
973 871 1015 934 fr.
1041 871 1058 934 1
1089 869 1162 950 ὅκα,

58 969 144 1058 apud
166 969 362 1036 Alcmonem
383 970 468 1036 ποκά
492 973 544 1039 13.
567 973 622 1039 25.
647 972 716 1050 (23.
739 972 816 1054 82),
851 972 913 1037 ὅκα
935 973 987 1038 14.
1015 970 1067 1038 59.
1093 972 1162 1054 (25.

56 1072 133 1154 24),
168 1070 315 1158 Lysistr.
347 1072 409 1139 105
438 1072 542 1158 ποκά,
579 1074 660 1140 1251
692 1073 777 1150 ὅκα,
812 1075 958 1139 Acheru.
985 1074 1049 1142 720
1078 1074 1163 1160 ὅκα,

56 1171 143 1262 apud
165 1172 379 1239 Theocritum
403 1171 486 1240 πὸκα
508 1174 780 1263 interrogativum
801 1175 864 1252 lv,
885 1177 917 1242 7.
940 1175 984 1254 V,
1004 1177 1057 1243 39.
1081 1175 1163 1260 XV,

55 1275 118 1350 44,
142 1273 228 1339 ποκά
250 1273 457 1342 indefinitum
482 1277 694 1367 saepissime,
719 1278 824 1344 ὅπόκα
837 1276 944 1362 XIII,
967 1280 1010 1344 12
1032 1289 1064 1344 et
1086 1302 1164 1345 con·

56 1399 138 1442 sone
168 1377 278 1442 minus
308 1377 433 1443 Dorice
464 1380 627 1467 geminata
657 1380 784 1445 ὅαπὸκα
805 1379 857 1458 V,
880 1380 946 1465 98,
981 1379 1059 1446 τόκα
1081 1380 1161 1466 vll,

56 1479 121 1543 154
155 1488 240 1556 etc.‚
275 1478 335 1543 ὅκα
360 1481 534 1546 relativum
564 1505 682 1572 saepe,
722 1480 782 1547 ὅκὸ
809 1482 864 1562 μέν
894 1518 937 1530 —-
970 1483 1087 1549 ὅλλοκα
1117 1485 1162 1563 ds',

54 1580 175 1646 modo
195 1617 238 1630 -
259 1581 380 1648 modo
401 1582 439 1667 I,
462 1581 515 1649 36.
540 1582 603 1666 lV,
624 1582 683 1666 17,
710 1583 826 1647 ditione
848 1584 902 1664 μέν
923 1623 966 1634 -
990 1585 1107 1650 tutona
1131 1587 1167 1650 de'

52 1681 117 1760 lv,
141 1681 196 1748 43.
249 1684 422 1750 Postremo
451 1694 564 1750 notatu
595 1684 734 1776 dignum
764 1694 814 1750 cst
840 1683 928 1773 apud
957 1685 1164 1774 Hesychium

54 1783 225 1861 ἔστυκα,
248 1785 345 1851 ἐνιότε
366 1785 454 1872 παρὰ
477 1789 682 1873 Ταραντίνοις
702 1787 727 1852 i.
741 1811 771 1852 e.
796 1783 872 1850 ὅσθ’
896 1785 973 1865 ὅκα,
998 1786 1075 1852 ἔσθ’
1098 1791 1160 1856 ὅτε.

51 1924 95 1932 -
139 1885 218 1954 Non
247 1897 335 1954 reete
356 1888 538 1954 Dorienses
568 1888 602 1954 iu
634 1889 694 1954 ὅκα
723 1885 865 1956 subinde
892 1913 911 1951 κ
934 1887 1164 1980 geminasset

28 1989 279 2078 ,grammaticis
299 1988 493 2074 traduntur,
523 1988 589 2056 rid.
612 1989 646 2073 ἓ.
668 1990 730 2074 45,
754 1992 786 2057 3.
865 2021 866 2027 “

115 2103 118 2112 ’
144 2090 200 2169 14)
238 2089 408 2158 Adverbiu
430 2092 540 2159 modi
564 2093 599 2158 in
625 2119 668 2170 ως
690 2090 844 2159 excuntis
865 2116 940 2159 cnm
961 2094 1091 2185 vulgari
1112 2119 1162 2162 ra·

50 2194 146 2258 tione
167 2215 264 2282 saepe
285 2205 423 2258 accentu
446 2193 602 2260 differunt
623 2195 691 2261 rid.
716 2195 747 2279 ἓ.
772 2197 812 2272 3,
835 2197 868 2264 9.
923 2195 1023 2264 Nunc
1044 2198 1081 2264 id
1102 2224 1163 2291 po·

50 2294 222 2360 tissimum
244 2295 280 2359 in
301 2295 490 2362 memoriam
512 2307 699 2364 revocatum
723 2298 895 2383 volumus,
926 2323 963 2365 er
975 2347 986 2385 ,
1017 2325 1100 2391 qnae
1121 2303 1163 2368 ab

49 2396 222 2465 adverbiis
255 2397 440 2481 ducuntur,
484 2397 732 2466 circumflexum
762 2400 798 2464 in
829 2401 1043 2492 penultimam
1077 2405 1163 2471 asci-

50 2523 172 2580 scere,
202 2501 320 2575 οὑτῶς,
354 2498 469 2576 ἄλλαῖς,
499 2505 640 2578 κακῶς,
670 2524 732 2564 nec
754 2501 884 2587 minus,
915 2504 945 2568 si
966 2515 1053 2570 recte
1071 2505 1162 2592 judi·

46 2601 204 2668 cavimus
227 2602 332 2679 ὀπαῖς,
368 2601 489 2691 quibos
513 2600 614 2677 adroic
635 2600 822 2667 addendum
845 2627 938 2687 esse,
974 2630 1162 2699 quanquam

45 2725 146 2770 uunc
170 2703 305 2791 vulgare
329 2703 429 2780 αὔτως
449 2704 537 2795 apud
558 2703 771 2770 Theocritum
801 2715 888 2770 extat
910 2707 964 2791 11,
988 2709 1160 2797 133111,

43 2809 106 2874 30.
134 2804 181 2879 V,
204 2804 266 2888 40,
299 2829 338 2871 eo
361 2805 467 2895 magis
489 2806 705 2892 confidimus,
737 2807 828 2897 quod
849 2807 958 2897 ipsum
979 2835 1162 2901 pronomen

44 2919 225 2998 oxytonou
255 2918 317 2972 cst.
371 2906 675 2976 Demonstrativum
704 2909 765 2974 ὦδε
797 2909 916 3000 Epich.
946 2913 1000 2980 18.
1024 2915 1066 2982 99
1096 2927 1159 2983 etc.

41 3037 90 3078 ex
127 3010 209 3084 αῖςὸε
237 3012 358 3074 factum
387 3022 457 3094 est,
490 3020 526 3076 nt
557 3013 672 3102 vulgo.
731 3009 825 3096 Quae
855 3039 920 3080 vox
952 3015 1041 3105 quod
1074 3017 1162 3107 opud

39 3110 271 3180 Theocritum
294 3135 393 3201 saepe
414 3112 554 3180 locetiva
575 3124 738 3202 potestate
769 3116 872 3180 utitur
901 3115 971 3182 bic
1000 3129 1033 3183 et
1060 3120 1160 3203 truc,

35 3217 106 3286 vix
132 3213 296 3280 cDoridc
318 3215 432 3283 hausto
454 3226 516 3282 est.
570 3215 758 3282 Relativum
784 3218 845 3295 ὥς,
875 3241 1028 3309 proquo
1058 3223 1162 3291 semel

35 3319 113 3394 τώς
138 3315 261 3402 legitur
281 3317 429 3382 Acheru.
448 3318 512 3386 728
534 3321 616 3408 (quo
638 3319 822 3410 respiciens
845 3317 1027 3410 Gregorius
1048 3348 1083 3413 p.
1096 3325 1161 3391 243

32 3420 217 3491 Doricum
241 3443 313 3484 esse
334 3418 506 3505 affirmat),
530 3422 644 3487 eodem
667 3420 782 3499 modo,
806 3419 865 3512 qui
886 3421 922 3486 in
947 3421 1005 3486 ὦδε
1028 3427 1161 3516 conspi-

33 3526 160 3604 citur,
180 3519 289 3609 'sigma
312 3521 427 3608 objicit
449 3523 484 3587 in
505 3520 582 3608 eice,
605 3521 696 3613 quod
718 3545 736 3587 a
758 3525 978 3610 grammaticis
1000 3526 1161 3595 Doricum

30 3626 197 3707 dicitur,
222 3625 370 3713 exemplo
392 3623 609 3708 Alcmanico,
632 3637 669 3689 ut
689 3624 820 3690 videtur
841 3627 922 3707 (vid.
944 3626 1033 3693 Mus.
1047 3629 1157 3698 Rhea.

29 3727 121 3796 vll
144 3749 180 3814 p.
204 3726 301 3809 234),
326 3724 437 3790 addito
451 3730 503 3806 ¹⁵).
547 3727 640 3792 Idem
663 3728 750 3818 apud
771 3728 950 3798 Pindarum
972 3730 1069 3798 libris
1089 3733 1159 3824 ple.

74 4006 135 4070 15)
174 4001 309 4070 Apollou.
321 4001 357 4054 de
368 4019 448 4068 pron.
468 4007 512 4070 61,
532 4005 564 4058 B.
600 4003 625 4058 αἶ
643 4007 670 4058 δὲ
687 4010 863 4078 ,supremum
879 4005 909 4060 τὸ
929 3991 1062 4078 511111.
1082 4015 1115 4068 tr.
1132 4021 1159 4086 1)

21 4093 178 4164 Δωρικῶς
198 4087 332 4152 δεχόμενοι
349 4087 475 4146 (1πὸταῦ
492 4090 540 4154 ὥς,
568 4088 663 4157 ὅμοίως
681 4097 718 4162 τῷ
761 4089 826 4145 ὅτε
842 4099 967 4165 lepesin<
981 4098 1055 4164 (cod.
1073 4121 1160 4174 χερνι-

14 4185 107 4254 της)
133 4173 298 4255 proderitis
321 4181 554 4250 κραμαθιαυμὸαα.
584 4209 613 4220 -
652 4181 697 4236 td.
723 4181 762 4233 de
784 4191 858 4250 synt.
878 4185 945 4250 156,
964 4185 998 4238 20
1021 4186 1056 4238 ad
1083 4188 1159 4244 idem

13 4263 174 4330 Pindari
204 4263 405 4332 fragmentum:
430 4267 496 4320 tvm
518 4269 606 4332 pieros
629 4265 662 4323 τὸ
684 4265 924 4341 ὅὸπιῤῥημαηκὸν
941 4269 1101 4334 emersum
1125 4307 1158 4319 -
