2742 4814
234 449 236 454 ,
310 365 345 461 1.
369 367 430 444 ts.
482 369 540 442 De
565 365 716 442 mitiore
741 363 893 442 Doride.
1020 375 1023 386 '
1077 363 1152 440 all

53 570 236 638 aecusatioo
253 570 370 657 jurata
391 591 502 662 aeque
515 593 557 636 ex
572 567 749 636 Homerica
761 568 879 657 lingna
891 565 998 658 repeti
1014 577 1154 656 possunt

40 698 157 764 ¹rreapae
174 672 390 756 eLeshiaea‚
413 695 522 761 neqm
544 683 682 762 utraque
703 669 888 762 proprietas
908 668 1010 738 simul
1028 668 1155 739 exalia

50 777 188 844 Doridis
212 774 323 866 speeie
350 786 579 863 praeterquam
605 773 822 862 eDelphiea.
871 769 929 841 'Na
954 770 1053 840 elisio
1081 769 1155 859 qui·

51 880 124 946 dem
146 875 404 967 praepositionis
425 879 497 960 nep!
525 876 597 955 (01.
621 875 693 959 vl,
715 873 853 961 381100'
877 872 1009 944 ἀπλάτου
1030 871 1155 957 πάθας,

49 979 178 1065 P.'IV,
201 979 265 1047 265
286 977 360 1063 nap’
384 980 501 1062 αὐτοῖς,
525 979 564 1044 Ρ.
587 977 662 1062 lll,
684 977 728 1044 52
748 976 933 1062 περάπτων,
956 974 1001 1044 Ν.
1026 973 1157 1058 Χ1,40

47 1082 204 1164 scipiadae,
227 1081 271 1145 fr.
290 1079 354 1148 126
375 1077 551 1170 περιδαῒος)
575 1081 691 1148 eodem
709 1080 790 1166 jure
811 1079 852 1151 ad
867 1077 1065 1148 hostiarum
1088 1077 1156 1147 dla-

47 1187 169 1252 leolum
190 1182 310 1249 referri
331 1191 460 1273 potest,
483 1206 551 1273 quo
571 1183 613 1250 ad
626 1181 836 1272 Delphicam.
872 1181 966 1250 Nam
988 1180 1047 1248 illa
1064 1201 1156 1270 prae·

46 1284 249 1378 positionem
271 1295 327 1350 aut
347 1308 493 1375 apocope
514 1285 613 1354 afficit
642 1297 718 1354 ante
747 1308 910 1354 eonsouas
939 1293 977 1352 ut
999 1282 1155 1367 moeno,

45 1398 103 1454 ant
125 1411 186 1477 pro
216 1389 283 1453 iota
312 1399 387 1454 ante
416 1389 548 1456 vocales
577 1387 660 1454 eliso
691 1413 709 1468 ρ
741 1387 886 1476 geminat
913 1397 953 1456 ut
978 1385 1156 1471 ushooxott

46 1488 246 1580 simplioiter
268 1487 343 1556 elisi
372 1490 438 1557 iota
466 1490 655 1579 exemplum
684 1512 753 1554 non
784 1489 951 1580 reperitur
979 1489 1049 1556 vid.
1072 1485 1115 1553 L.
1138 1485 1159 1552 1

43 1595 79 1677 §.
95 1593 159 1675 28,
182 1593 216 1658 3.
261 1591 369 1676 Quam
392 1615 476 1658 vero.
491 1601 579 1658 arete
600 1589 767 1658 Pindarus
780 1615 864 1662 uum
886 1591 1051 1681 Delphico
1073 1601 1157 1658 tem·

46 1697 103 1786 plo
127 1696 266 1783 junctus
295 1694 414 1772 luerit,
451 1704 588 1786 apparet
617 1715 659 1758 ex
686 1691 1093 1781 insignibushouorilrus
1122 1704 1157 1760 et

45 1797 124 1863 vivo
146 1807 179 1863 et
208 1807 336 1865 mortno
364 1797 422 1864 dei
450 1797 549 1884 jussu
581 1794 717 1864 tatius.
732 1795 802 1862 vid.
832 1795 978 1862 Boeehh.
1000 1794 1154 1862 Prooem.

44 1898 183 1989 Explio.
207 1921 243 1990 p.
268 1898 320 1966 17.
352 1935 394 1952 --
438 1897 593 1966 Ceterum
619 1899 705 1966 haue
735 1896 775 1962 de
796 1897 940 1966 Hesiodi
966 1908 998 1963 ot
1020 1896 1157 1968 Pindari

46 2001 202 2068 dialectis
225 2001 453 2092 qimestiouem
483 2003 595 2094 potius
619 1999 770 2068 delibare
799 2023 898 2090 qnam
927 1998 970 2067 ad
990 1997 1155 2089 liquidnm

43 2103 229 2194 perducere
249 2103 430 2170 voluimus.

133 2203 173 2272 Si
193 2197 364 2274 tumendo
389 2213 527 2296 utraque
555 2214 643 2273 reete
673 2181 935 2295 disputavimus,
971 2159 1155 2298 Delphiaae

43 2307 183 2377 dialecti
214 2308 416 2398 proprietas,
451 2331 535 2397 quoe
554 2289 605 2374 iu
621 2307 893 2400 Amphietioouur
919 2307 1054 2376 moreto
1082 2333 1155 2401 spe-

42 2421 177 2492 ctatur,
207 2409 438 2500 antiquissima
461 2419 546 2476 est.
567 2409 692 2476 Eadem
714 2410 831 2499 paullo
850 2420 927 2498 pott
947 2411 1069 2478 a'holita
1091 2419 1155 2496 est,

42 2514 76 2580 si
99 2513 137 2578 in
159 2512 257 2578 titulo
279 2511 456 2604 Delphico
468 2535 519 2577 nr.
546 2512 631 2579 1690
658 2511 812 2602 linguam
833 2511 978 2600 Delphis
1004 2539 1046 2582 ea
1074 2525 1155 2580 tem·-
1212 2563 1219 2576 .

37 2639 129 2708 pore
152 2615 351 2682 familiarem
372 2636 555 2704 agnoscere
577 2624 718 2704 oportet.
774 2612 890 2700 Cujus
909 2614 1029 2702 lingua.
1053 2639 1155 2704 quum

37 2717 227 2784 transitum
246 2742 266 2782 a
288 2716 396 2784 media
407 2715 537 2782 Doride
558 2714 598 2784 ad
620 2725 786 2782 merrtem
807 2715 926 2808 prodat
945 2714 1000 2802 (ut
1020 2719 1153 2805 triopae,

35 2818 261 2905 terpolaooeu,
295 2818 526 2904 ἑβδεμήιοντα,
560 2817 677 2894 ddslde·
697 2829 730 2884 et
757 2829 872 2886 eontra
892 2820 1010 2903 τρεῖς),
1043 2833 1157 2888 ltux·

36 2933 152 2989 eunte
173 2921 306 2987 saeenlo
327 2932 444 3012 quarto
467 2921 610 3010 seriptns
631 2933 707 2988 essa
729 2921 898 3005 videatur-⁴,
931 2923 1023 2990 abest
1051 2923 1157 3012 qaod·

33 3049 113 3115 que
135 3023 321 3113 Delphicae
342 3023 554 3114 proprietatis
573 3023 772 3112 vestigium,
803 3035 840 3090 ut
861 3024 1064 3090 aeerrsativus
1088 3023 1151 3090 dds

30 3123 123 3202 λούς
145 3138 260 3210 sonat,
292 3150 358 3194 non
382 3123 502 3200 o’dslo'e.
547 3123 618 3192 Nee
640 3126 753 3194 miuus
774 3127 976 3194 recentiores
997 3127 1157 3216 Delphiei
1291 3149 1296 3160 ·

24 3227 139 3296 tituli
162 3251 299 3310 amnes,
331 3228 420 3297 inter
441 3251 526 3318 quos
548 3252 599 3295 ne.
627 3229 710 3296 1693
733 3251 820 3295 auno
840 3228 904 3294 275
926 3227 1071 3317 scriptus
1093 3237 1155 3306 est,

25 3306 193 3399 dialecto
234 3328 319 3396 nihil
354 3353 429 3398 euru
468 3330 608 3420 reliquis
636 3329 980 3420 septentrionalibus
990 3329 1155 3396 differunt.

18 3435 196 3505 Mutatus
224 3431 358 3500 dialecti
387 3457 517 3500 oanmaa
546 3432 587 3500 ad
610 3432 833 3500 Piretensium
856 3457 917 3523 per
939 3455 1065 3500 eaerum
1087 3432 1157 3498 hel·

15 3543 117 3608 lum
141 3533 400 3600 dominationem
424 3559 491 3602 uun
513 3543 644 3600 temere'
659 3533 825 3601 retuleris.
879 3534 1019 3602 Reatina
1048 3545 1157 3600 tanen

14 3635 184 3712 Aetoli,
218 3636 279 3726 qui
307 3636 349 3703 ah
372 3636 428 3703 01.
455 3635 517 3703 119
543 3659 603 3725 per
631 3635 770 3724 longum
800 3647 929 3724 tempus
950 3635 1157 3723 Delphorum
1221 3625 1223 3629 ⁸

9 3736 225 3829 imperium
253 3738 411 3805 tenebant
443 3735 526 3816 (vid.
555 3738 702 3806 Boeelah.
736 3738 778 3803 ad
807 3736 902 3804 (3.1.
933 3761 985 3806 ur.
1009 3737 1094 3804 1694
1124 3750 1158 3804 et

10 3840 203 3916 Curtium
225 3839 261 3904 in
282 3839 371 3908 llus.
394 3839 503 3906 Rhea.
527 3839 613 3906 Nou.
638 3841 671 3904 ll
700 3863 736 3928 p.
761 3838 861 3924 115),
892 3840 1041 3928 liugnam
1063 3865 1156 3908 snam

2 3969 123 4022 enm
147 3943 289 4036 Delphis
311 3942 573 4010 communicasse
596 3941 883 4008 existimabuntur.

135 4042 175 4130 6)
214 4044 435 4114 lnsularis
456 4042 617 4127 Doridis,
640 4067 725 4133 quae
747 4045 783 4110 in
801 4041 1005 4135 Sporadihes
1019 4044 1157 4112 Dorieis

0 4200 2 4223 ,
49 4145 235 4242 peritur,
267 4145 414 4238 insignis
440 4146 580 4238 varietas
611 4155 673 4212 est.
729 4145 893 4212 Universa
920 4146 955 4213 id
981 4163 1167 4214 commone*

0 4280 23 4325 o·
41 4252 169 4328 abet,
193 4248 283 4342 quad
305 4249 346 4316 ad
367 4246 500 4317 vocales
522 4245 686 4314 solonioo
702 4248 841 4316 moreio
856 4274 890 4314 ro
905 4247 1157 4336 conjungendas
