2746 4818
292 332 326 424 §.
346 331 407 409 47.
461 332 519 405 De
546 327 722 403 universa
742 321 894 400 Doride.
1070 325 1148 406 399

45 545 140 602 vatus
167 541 238 616 est,
277 532 382 600 multo
414 534 512 600 etiam
541 531 676 624 saepius
705 531 795 624 apud
823 531 947 619 Eleusa
986 531 1147 623 producto

45 647 133 704 certe
154 661 176 699 c
199 633 318 700 Lesbii
340 658 482 726 aequum
503 637 540 702 in
560 636 695 702 modum
715 644 863 700 utuntur.

129 738 204 804 Hoc
225 749 258 804 et
279 737 413 822 qnvius
435 750 488 805 est
509 753 542 806 et
562 737 685 805 certius
707 747 860 828 sppsret,
888 735 1049 804 Doridem
1070 761 1149 829 pree

44 839 185 929 reliquis
209 838 358 906 dialectis
379 841 509 931 priscae
530 839 654 907 indolis
671 850 820 906 tenacem
834 839 962 924 fuisse,
984 841 1149 930 antiquio·

43 965 117 1008 rcm
136 940 230 1007 illem
243 940 407 1008 Doridem
428 943 570 1010 maxime
592 942 753 1025 dicimus,
776 940 886 1030 qualis
904 953 979 1008 ante
996 944 1148 1032 quintum

41 1045 112 1110 iere
134 1043 305 1128 saeculum
327 1044 480 1132 viqcbst,
509 1045 703 1136 priusquam
731 1042 889 1132 digsmmi
917 1065 1001 1110 usus
1022 1057 1150 1134 pertur-

41 1147 141 1212 batus
169 1152 258 1212 ess'et
285 1157 320 1211 et
348 1147 435 1236 apud
461 1159 587 1239 partem
608 1145 826 1214 Doricusinnr
847 1144 1055 1214 obsolescere
1077 1171 1151 1216 eoe-

40 1250 160 1340 pisset.
206 1247 292 1314 Nan'a
313 1246 401 1314 inter
421 1271 478 1336 es,
509 1250 633 1341 quibus
655 1249 810 1314 universa
830 1249 932 1315 Doris
955 1249 996 1315 ah
1018 1250 1097 1316 lado
1117 1263 1151 1318 et

40 1350 182 1418 Atthide
214 1348 452 1438 distinguitur,
494 1352 565 1418 sive
597 1373 635 1418 ea
664 1350 829 1418 Aeolibus
856 1351 1043 1418 cummunis
1073 1366 1152 1420 suut

41 1455 116 1522 sive
136 1451 287 1519 Dorihus
309 1453 462 1541 propria,
489 1453 648 1542 pleraque
669 1475 829 1518 summam
850 1453 1077 1542 antiquitatem
1099 1476 1154 1524 rc·

41 1557 178 1638 dolent,
202 1553 403 1644 peucissima
423 1547 520 1639 suut,
550 1577 635 1643 quae
656 1554 769 1642 paullo
790 1555 987 1621 recentioris
1008 1559 1151 1648 originis

39 1658 141 1750 argui
170 1655 324 1748 possint,
366 1667 405 1720 ut
433 1679 616 1744 pronomen
647 1654 799 1720 αὐταυτοῦ
824 1667 859 1720 et
881 1655 1019 1724 verbum
1048 1661 1148 1744 ἴσαμι.

40 1763 129 1829 Eam
164 1760 199 1824 in
233 1758 343 1849 prisca
372 1757 485 1824 indole
515 1757 675 1824 servanda
708 1756 923 1822 constantiam
955 1760 1153 1848 tondebunt,

40 1864 105 1955 qni
126 1863 270 1952 probant
291 1859 570 1950 perseverantium
590 1861 627 1926 in
649 1859 796 1950 antiquis
813 1860 982 1940 moribus,
1005 1859 1150 1951 legibus,

39 1963 230 2049 institutis,
254 1963 379 2052 quique
394 1971 566 2053 reputant,
590 1987 720 2054 qusque
740 1963 875 2050 liuguae
890 1965 1071 2032 mutatione
1092 1967 1152 2036 ali·

39 2068 130 2160 quid
150 2065 277 2136 auferri
299 2065 406 2132 solere
428 2089 446 2132 e
470 2064 583 2132 divino
604 2066 664 2132 illo
686 2064 834 2132 omnium
862 2066 1024 2156 partium,
1054 2070 1153 2160 quasi

38 2169 196 2259 eorporis
217 2168 460 2252 membrorum,
484 2191 674 2264 consensu,
692 2169 752 2260 qui
773 2191 813 2235 co
834 2165 1000 2258 insignior
1021 2171 1154 2262 conspi-

37 2276 156 2357 citur,
190 2295 258 2362 quo
286 2269 507 2359 antiquiorem
530 2281 587 2337 aut
607 2272 762 2361 antiquae
785 2271 1155 2342 conditionis'tenaoio·

35 2401 117 2444 rem
147 2373 300 2462 linguam
333 2373 605 2462 contemplemur.
657 2374 919 2462 vituperabunt,
953 2375 1013 2463 qui
1045 2390 1155 2444 amant

35 2476 264 2546 mobilitatem
287 2475 450 2564 quandam
472 2474 617 2560 ingenii,
641 2487 679 2540 ut
699 2475 772 2564 ipse
793 2473 940 2542 Jacobus
958 2477 1153 2564 Grimmius,

34 2593 195 2650 ceterum
219 2575 424 2666 antiquitatis
445 2574 581 2654 minime
603 2587 825 2668 contemptor,
849 2576 1046 2646 Germaniae
1068 2577 1154 2648 infc-

32 2682 146 2752 rioris
171 2679 307 2768 tinguse
324 2678 361 2745 id
382 2677 465 2746 vitio
486 2676 603 2756 vertit,
626 2679 716 2768 quud
731 2681 952 2746 memornbilis
967 2680 1063 2749 illius
1077 2705 1156 2750 con·

33 2807 206 2856 sonarum
227 2790 391 2847 nautarum
411 2779 623 2866 mutationis,
659 2805 745 2871 qnae
771 2805 790 2846 a
816 2782 998 2874 superioris
1020 2783 1155 2854 Germa·

32 2891 123 2956 niac
148 2883 319 2962 dialectis,
349 2905 464 2973 pmum
485 2893 594 2950 tamen
617 2893 824 2970 constanter,
855 2885 969 2953 effecta
989 2898 1059 2972 est,
1087 2909 1155 2957 non

28 2989 217 3083 particeps
248 2985 324 3051 fuit.
380 2984 453 3050 Nos
479 2986 623 3076 primum
651 2987 857 3077 antiquitatis
878 2989 1155 3080 praedicationem

26 3090 236 3188 paullulum
268 3086 544 3178 restringendum,
570 3111 644 3154 esse
686 3090 891 3158 arbitremur.
957 3089 1157 3162 Necessario

24 3197 136 3267 enim
168 3191 230 3276 tit,
266 3201 306 3255 ut
334 3213 372 3256 ea
401 3211 487 3279 quun
516 3191 626 3258 emnia
652 3191 792 3260 Doridis
821 3213 941 3280 guerr
969 3197 1159 3263 communia

24 3299 196 3369 haben,
216 3291 405 3382 antiquiore
425 3293 701 3383 specieutanturq
726 3295 836 3361 solent
856 3292 945 3360 cuim
969 3306 1002 3360 et
1021 3293 1159 3388 lingere

21 3408 213 3493 cognatae
233 3403 267 3461 et
287 3395 396 3462 verisc
417 3395 553 3464 dialecti
573 3409 607 3462 et
629 3396 780 3482 ejusden
809 3395 944 3462 disiecti
970 3399 1157 3485 genemin

16 3508 86 3575 iis
115 3497 337 3588 conspirare,
369 3497 623 3588 quaecuuque
654 3507 752 3582 sunt,
786 3523 860 3566 rano
888 3522 951 3566 nee
982 3500 1049 3566 uiri
1077 3521 1157 3568 casu

15 3605 196 3705 quodam
217 3601 254 3666 iu
275 3601 340 3684 iis,
375 3623 461 3690 quae
488 3598 654 3666 recentius
675 3610 809 3668 mutata.
864 3601 913 3668 At
933 3601 1068 3692 singula
1088 3603 1159 3670 Do·

11 3709 133 3784 fidis
161 3701 590 3794 gemarcauantiqniora
611 3703 791 3794 praebent,
821 3706 933 3772 mtdto
949 3702 1083 3794 saepius
1104 3729 1156 3789 ea,

9 3833 136 3909 qum
159 3804 342 3872 recentiore
366 3816 469 3872 aetate
490 3807 694 3875 conformate
720 3829 798 3872 essa
824 3815 995 3897 appareat,
1040 3807 1085 3874 Et
1114 3829 1159 3875 ue

33 3922 47 3937 ·
69 3949 75 3977 ι
99 3946 104 3996 3
131 3931 188 3974 ιν,
223 3930 418 3996 morumque
446 3908 671 3976 ‘renuentium
710 3908 1013 3994 conjunctissimum
1052 3911 1159 3976 fuisse

2 4015 273 4094 „hita-emar,
305 4010 480 4095 Lscnnes,
513 4011 579 4100 qni
598 4011 701 4101 prisci
728 4007 859 4102 ingenii
880 4011 996 4079 Dorici
1016 4013 1159 4079 tenacis·

0 4164 19 4191 1:
31 4117 125 4194 imi
151 4110 260 4178 fuisse
281 4121 457 4202 patentur,
491 4123 566 4180 ante
591 4123 743 4202 quartum
773 4115 957 4194 succulum,
990 4137 1057 4204 quo
1077 4125 1158 4182 tem·

0 4242 131 4305 ,101⁰
157 4216 350 4307 etantiqua
370 4214 521 4282 instituta
550 4215 708 4306 vigebant
734 4216 940 4286 et-Attieum
969 4218 1159 4308 contigium
