2726 4820
298 355 331 449 o.
359 359 423 439 se.
449 323 453 331 “
475 359 532 440 ne
559 357 800 436 declinatione
825 360 871 434 ιι.
989 409 992 415 ,
1059 361 1136 440 nst

67 553 96 620 de
118 572 237 632 accentu
266 561 300 646 §-
324 563 368 646 3,
392 563 424 632 5.
470 563 644 634 Postremo
665 589 741 657 pers
763 565 974 636 Cretensium
995 577 1028 634 et
1048 570 1132 636 nnti-

64 659 185 746 quiores,
207 678 242 732 nt
258 665 409 747 uidetur,
431 665 550 754 Argivi
572 665 724 754 ejusdem
743 669 1002 740 vetusdssimsm
1023 673 1133 742 termi-

63 761 196 832 nationem
230 794 283 843 ονς
312 768 534 852 retinuerant,
579 769 648 838 vit.
679 771 712 853 ἓ.
736 771 798 855 14,
829 773 862 842 1.
925 769 1040 862 Itaque
1069 775 1132 844 hoe

61 863 237 957 paradigma,
278 871 366 940 unde
394 882 585 940 neutrorum
616 896 749 963 quoque
777 875 938 944 rationem
961 876 1059 947 focile
1079 876 1130 946 in·

13 997 14 1016 2
61 965 182 1056 tellipcs,
204 972 357 1042 Doricam
382 973 636 1042 declinationem
657 976 777 1042 relenta

13 1121 15 1230 l
153 1158 433 1250 ‚Singularis
745 1163 955 1234 Plursslls·

14 1361 15 1364 Ἴ
56 1267 132 1339 Nom.
159 1284 251 1354 ἵππος
581 1289 670 1350 ἵπποι

14 1445 15 1450 ¹
57 1369 122 1439 lien.
160 1386 272 1459 ἵππου,
297 1389 379 1446 ἵππω
579 1389 680 1464 i'nnorp

55 1470 112 1540 Dat.
157 1488 237 1564 ἵππῳ
580 1490 687 1558 ἵπποις

579 1590 709 1659 ἵππους,
734 1589 835 1658 ἵπποις
843 1634 854 1661 ,
880 1593 991 1662 ἵππος,
1019 1594 1130 1664 ἵπποις

582 1725 620 1735 ...-

114 1889 147 1968 2)
188 1893 301 1958 Pauca
329 1902 495 1982 praeterea
523 1889 707 1958 adnotanda
735 1901 822 1958 suut.
869 1889 908 1956 ln
931 1889 1039 1962 dativo
1062 1892 1127 1958 sin·

52 1984 136 2070 palari
158 2018 328 2084 nunquam
349 1993 414 2060 iota
438 1993 659 2083 subscriptum
683 1993 864 2082 negligitur
894 1993 961 2060 nisi
989 2014 1049 2083 per
1076 2017 1129 2062 er-

50 2108 153 2176 rorem,
187 2084 228 2162 ut
249 2096 353 2164 Ther.
376 2096 473 2164 2448.
507 2094 553 2177 V,
575 2096 637 2179 30,
670 2105 726 2161 eut
754 2095 790 2162 in
813 2095 919 2162 titulis
940 2096 1128 2165 recentissi-

48 2189 104 2255 mis.
146 2197 186 2264 ln
213 2198 346 2266 Cretico
368 2197 465 2264 titulo
487 2221 537 2263 nr.
553 2197 656 2280 2556,
674 2197 708 2264 3.
731 2197 772 2264 39
790 2220 850 2288 pro
872 2196 981 2266 dativo
1004 2199 1129 2290 legitur

48 2293 179 2388 antiquus
201 2302 365 2371 localivus
389 2302 420 2364 εἰι
445 2303 655 2384 Πριανσιοῖι
680 2299 857 2386 Πριαιισιός
878 2311 915 2366 ut
937 2301 1037 2382 οἴκοι,
1062 2301 1128 2368 'In-

46 2400 107 2472 θμοῖ
123 2402 162 2468 als
186 2403 276 2478 οἶκος
298 2415 331 2470 et
351 2400 503 2485 Ἰσθμός,
527 2402 659 2468 sedhic
680 2401 924 2471 memorabilem
945 2403 981 2471 in
996 2405 1128 2474 modum

45 2497 218 2570 etiamnum
249 2505 492 2594 praepositione
518 2504 670 2590 junctus.
726 2503 853 2574 Confer
874 2507 905 2570 ἐν
925 2503 1055 2588 Ἰσθμοῖ
1074 2506 1127 2572 Si-

42 2604 146 2672 monid.
172 2611 216 2674 lr.
232 2608 298 2678 209
316 2607 417 2688 Sclpn.
409 2653 441 2690 .,
464 2606 553 2697 quod
574 2603 794 2672 Meinelsius
784 2629 819 2672 ιιι
840 2606 970 2675 Delect.
987 2608 1124 2677 Antlrol

41 2721 67 2787 p
89 2707 145 2778 188
168 2735 238 2776 non
262 2709 432 2778 debebnt'
422 2734 457 2774 ιιι
481 2709 512 2773 ἕο
532 2707 653 2790 Ισθμῷ
674 2718 880 2774 mutare.-
923 2707 1034 2783 Datini
1052 2711 1125 2806 plu·

15 2805 103 2895 ¹ralis
122 2813 260 2902 longior
281 2813 385 2877 forma
416 2834 513 2933 saepe
541 2811 630 2900 apud
651 2809 883 2898 Epicharmum
912 2812 1061 2936 legitque,
1088 2827 1125 2884 ut

39 2903 70 2970 ΓΡ
90 2912 131 2978 24
149 2917 264 2999 γαυλοι
251 2913 335 2990 ισιι,
367 2910 409 2978 35
430 2911 587 2992 τούτοισι,
621 2914 662 2981 71
685 2912 886 2998 'Apulorum
908 2915 951 2982 97
973 2910 1123 3002 αὐτοῖιιν,

36 3006 234 3099 981’λογοισι,
271 3017 348 3082 item
381 3013 521 3106 Lysistr.
553 3017 637 3086 1180
664 3019 748 3082 roien
770 3053 809 3066 -
835 3018 954 3098 ἁμοῖσι.
1010 3017 1124 3106 Itaque

35 3114 243 3205 antiquiorem
258 3115 418 3186 Doridem
433 3141 499 3186 ιιοιι
517 3117 628 3186 minus
641 3143 740 3210 qnam
755 3120 925 3186 Atthidem
939 3119 1126 3211 pleniorem

36 3211 155 3286 sormam
180 3221 360 3297 admisisse
382 3231 556 3310 putamusq
591 3244 699 3310 neque
729 3221 816 3288 ernian
840 3220 1055 3310 Epicharmus
1085 3245 1126 3288 ex

32 3317 109 3404 epiea
131 3322 254 3411 lingua
276 3324 454 3414 quidquam
477 3325 697 3414 assumpsisse
718 3322 858 3390 videtur.

101 3426 239 3508 Antea,
270 3451 352 3516 quae
384 3438 534 3512 vocatur,
570 3427 748 3494 declinatio
776 3423 813 3490 in
836 3423 1049 3493 substantivis
1070 3446 1124 3514 ap·

28 3521 188 3604 pellativis
212 3540 245 3599 et
266 3529 301 3594 in
325 3527 496 3614 adjectivis
519 3552 538 3592 a
559 3527 685 3595 Doride
707 3528 815 3594 aliena
837 3539 900 3593 est
955 3527 1047 3611 Quae
1069 3551 1124 3594 vo·

29 3642 74 3687 ses
94 3651 165 3694 eam
191 3631 288 3721 sequi
311 3632 436 3714 solent,
467 3631 553 3718 apnd
576 3630 758 3697 Dorienses
781 3628 1005 3719 reliquorum,
1028 3652 1125 3734 quae

26 3731 182 3800 secundae
221 3731 435 3802 declinationi
468 3732 710 3821 obtemperant,
755 3732 1003 3800 terminationes
1028 3709 1124 3797 exiri·

25 3821 109 3910 bont,
156 3844 219 3900 aut
246 3835 322 3904 aliis
355 3833 456 3904 simul
488 3833 588 3902 rebus
620 3833 788 3918 diversae,
830 3845 867 3902 ut
897 3831 990 3912 tude,
1034 3833 1122 3910 vnde,

24 3926 170 4016 ἀνώγαιον
193 3956 256 4035 pre
278 3936 373 4015 λεώς,
397 3935 493 4036 osolt?
518 3933 659 4017 ἀνώγεων
680 3935 762 4015 (vid.
778 3934 952 4019 825),2,
919 3940 1033 4010 >aut
1054 3936 1124 4002 sola

23 4037 270 4122 terminatione,
302 4049 341 4104 ut
362 4039 455 4123 λαγός
476 4026 510 4102 in
534 4035 713 4102 Helotilous
742 4034 846 4122 (inter
866 4037 1032 4102 Laconica
1055 4036 1124 4124 opi·
1208 4047 1211 4055 '

21 4141 86 4218 nor)
119 4139 307 4208 secuudum
337 4140 460 4206 Atlanta.
486 4138 652 4223 1X,400.
679 4139 727 4222 G,
757 4137 987 4228 layolldpieln.
1013 4137 1055 4204 36
1083 4137 1123 4202 ab

19 4233 125 4308 Attico
163 4241 288 4358 tayole,
334 4240 522 4328 γλυκύκρεον
550 4241 670 4332 Sophr
703 4241 769 4338 54,
814 4238 992 4356 Γξιοχρεοις
1022 4235 1123 4306 Ther.

861 4371 922 4436 15
