2742 4814
223 383 300 463 tot
481 381 511 472 b
536 383 598 460 48.
652 386 710 458 De
731 383 883 460 mitiore
905 383 1053 462 Doride.

229 593 377 686 species,
391 575 394 593 i
409 607 493 682 quaa
514 591 683 679 aliquanto
708 592 840 683 saepius
862 613 937 658 eum
958 587 1069 656 Attica
1091 582 1292 654 consuetudine

227 697 399 778 differant,
422 693 709 783 perlustrabimns.

310 798 346 878 2)
390 793 600 896 vulgaris
628 793 732 861 Doris
761 817 798 860 ea
827 793 971 858 mitioris
998 793 1129 882 generis
1160 788 1295 880 speciest
1346 797 1347 804 ³

225 899 323 966 nobie
353 897 556 986 appellatur,
590 917 655 984 qua
676 896 828 986 plerique
849 893 1046 965 Dorienses
1050 885 1297 982 Peloponnesiaci

226 1025 302 1067 cnm
330 999 459 1066 colonis
489 997 561 1063 suis
590 1009 666 1086 post
688 997 928 1087 Olympiadem
951 995 1082 1062 initium
1106 991 1242 1062 deductis
1258 985 1297 1052 usi

227 1114 324 1187 sunt,
358 1111 488 1191 praeter
515 1123 574 1182 ea,
607 1121 692 1188 quae
710 1098 866 1164 universa
886 1097 992 1163 Doris
1014 1097 1195 1165 commonia
1213 1091 1298 1172 habet,

225 1203 318 1268 nulla
347 1202 416 1268 lere
439 1199 590 1290 graviore
611 1223 648 1266 rc
670 1201 710 1266 ab
732 1199 870 1266 Atthide
901 1198 1057 1265 distincta
1091 1213 1184 1291 qaam
1210 1191 1299 1271 tertiat

226 1301 368 1396 pluralis
390 1301 576 1393 imperativi
597 1298 886 1368 terminationibus
908 1325 969 1365 ιιω
985 1313 1018 1366 et
1034 1309 1106 1366 oea
1128 1312 1165 1366 ut
1177 1293 1300 1363 wmtm

227 1416 260 1471 et
277 1431 334 1470 avn
314 1405 452 1472 nrr'o'dw.
488 1399 643 1469 Voeales
655 1427 687 1470 eo
710 1416 744 1470 et
764 1429 805 1468 ιω
826 1406 1022 1493 pleramque
1040 1419 1113 1470 nou
1135 1399 1299 1468 connato·

227 1517 302 1591 ιιιιι
333 1506 394 1572 ubi
421 1505 601 1572 contractio
630 1506 876 1590 admittitur‚'
865 1530 902 1572 ιιι
933 1529 970 1571 ου
993 1515 1026 1569 ct
1052 1531 1079 1568 to
1099 1500 1208 1570 Attico
1234 1516 1300 1564 more

228 1608 417 1676 coalescunt
437 1606 506 1673 vid.
530 1607 563 1690 δ.
587 1607 650 1693 26,
674 1607 706 1675 5.
730 1609 763 1676 6.
787 1645 829 1659 -
865 1606 939 1674 dam
963 1599 1089 1698 singuli
1112 1599 1225 1698 populi
1241 1619 1302 1666 ιιι·

226 1709 375 1778 metandi
398 1719 492 1774 snnta

216 1898 217 1902 Ἰ
314 1807 533 1879 Corinthii
564 1808 619 1875 cui
647 1809 787 1876 dialecto
819 1807 1044 1888 assueverint,
1065 1793 1112 1874 'in
1144 1800 1304 1874 corinthia

229 1937 343 1981 corum
363 1922 651 1980 monumentorum
672 1910 766 1978 clade
788 1934 806 1977 c
829 1912 1031 1980 coloniarum
1055 1909 1194 2001 lingna,
1216 1901 1304 1973 certis

229 2015 314 2082 sime
336 2026 465 2092 tamen,
499 2012 682 2101 colligitur.
739 2013 864 2080 Eadem
887 2013 975 2080 enim
998 2009 1133 2080 dialecti
1155 2009 1233 2078 ratio
1251 2025 1305 2095 spe·

228 2128 334 2184 ctatur
354 2115 443 2204 apud
466 2113 692 2203 Corcyraeos,
727 2138 865 2205 quorum
896 2115 1030 2208 linguae
1058 2115 1142 2182 satis
1169 2110 1304 2179 luentem

226 2228 439 2284 monumenta
460 2215 496 2281 in
518 2215 626 2282 titulis
649 2227 844 2306 supersunt,
873 2216 908 2280 in
930 2215 1209 2312 inscriptionibus
1229 2212 1305 2279 Acar·

227 2319 357 2386 nanicis
380 2328 412 2384 et
428 2316 659 2402 Ambraciota,
683 2341 825 2407 quornm
847 2317 1022 2384 dialectum
1043 2344 1062 2384 c
1087 2317 1305 2386 Corinthiorum

231 2421 372 2490 coloniis
393 2443 545 2486 manasse
575 2445 673 2510 supra
701 2421 863 2488 monitum
889 2430 940 2486 est
969 2419 1066 2506 §.L
1092 2423 1135 2506 1,
1169 2427 1306 2511 postremo

229 2526 266 2593 in
295 2524 488 2592 universnm
516 2522 603 2613 apud
627 2521 872 2642 Syracusanos,
908 2523 949 2589 de
978 2467 1102 2614 quibbs
1131 2547 1209 2591 mox
1235 2518 1306 2611 plan

181 2671 183 2676 ·
229 2627 387 2694 dicemus.

314 2729 609 2820 Megarenses,
648 2751 789 2820 quornm
817 2725 994 2794 dialectum
1025 2751 1067 2794 ex
1095 2713 1308 2813 Aristophanis

229 2829 504 2898 Acharnansibus
524 2842 557 2902 et
579 2829 675 2896 titulo
697 2829 824 2899 mediae
852 2829 966 2895 aetatis
996 2831 1055 2906 (cf.
1077 2829 1111 2912 ἓ.
1135 2829 1194 2914 47,
1215 2825 1248 2906 2)
1272 2840 1307 2883 ¹¹¹·

231 2931 315 2999 1052
336 2931 500 3020 cognitam
522 2931 701 3015 babemus,
724 2955 799 2997 cum
822 2931 951 2998 colonis
973 2931 1174 3021 Byzantiis,
1199 2923 1309 2994 Chalot-

137 3026 144 3044 '
230 3033 364 3119 doniis,
392 3032 666 3111 Mesembrianis,
703 3055 844 3123 qnorum
872 3033 1022 3122 linguam
1043 3033 1145 3124 pauci
1168 3027 1255 3097 tituli
1271 3045 1311 3087 tx·

228 3135 355 3203 hibent.
413 3135 499 3203 Nam
525 3133 759 3224 Byzantiorum
791 3135 923 3202 decreto
954 3135 1043 3225 apud
1070 3133 1314 3203 Demosthenen

227 3237 325 3307 fidem
347 3261 415 3303 non
437 3237 621 3304 hahendam
642 3257 716 3302 esse
745 3231 917 3304 docuimus
946 3235 978 3320 ξ.
1003 3237 1122 3321 2,14.
1181 3236 1313 3301 cerem

228 3340 317 3432 apud
344 3338 601 3432 Aristophanem
629 3333 839 3429 Megareirsis
866 3339 1038 3404 Laconum
1070 3350 1104 3404 at
1131 3337 1315 3404 Boanum

227 3465 318 3512 more
339 3441 388 3518 ζ
378 3467 414 3508 ιιι
437 3445 480 3506 dd
493 3453 613 3520 mutat,
647 3442 685 3508 id
712 3441 803 3532 quod
833 3439 875 3508 ad
893 3439 1203 3530 pronuntiationem
1224 3431 1313 3556 plebe

223 3544 295 3632 jam
316 3543 543 3628 retulimus§.
570 3547 632 3628 12,
656 3545 697 3629 4,
735 3567 796 3612 nec
820 3541 1026 3617 dabitemus,
1060 3543 1146 3632 quin
1177 3542 1244 3631 iper
1233 3533 1315 3602 hle

229 3669 384 3736 garenaes
414 3651 432 3723 ζ
463 3647 668 3734 scripserint.
720 3645 760 3712 ln
787 3643 894 3712 titulis
917 3645 980 3710 αι’
970 3667 1117 3735 ipsorum
1143 3657 1180 3710 ct
1200 3642 1314 3710 cotom

148 3791 154 3798 -
226 3769 302 3815 rum
322 3773 401 3816 casn
423 3746 510 3815 nibil
531 3757 676 3837 apparet.

260 3849 561 3938 Argolidia
569 3848 698 3916 incolae
720 3860 848 3938 praeter
868 3849 961 3938 ipsos
982 3847 1155 3940 Argivos,
1192 3847 1315 3912 Tenere

227 3951 295 4028 nii,
342 3951 572 4038 Aeginetae,
580 3948 850 4018 Hermionenses
881 3949 1068 4040 Dryopes,
1088 3947 1315 4015 Calauraatat

228 4052 387 4118 Ornninm
414 4052 563 4142 linguam
592 4077 612 4118 e
640 4055 722 4120 solis
749 4051 1029 4142 inscriptionibus
1043 4049 1202 4120 novimus
1225 4059 1315 4134 neque

227 4155 269 4218 iis
300 4154 378 4220 satis
406 4143 640 4238 luculentistj.
664 4147 716 4232 2,·
732 4156 772 4239 3,
806 4177 846 4223 cx
875 4154 973 4220 unico
987 4154 1200 4221 Τιοιιιιιίο
1218 4147 1316 4216 mitra

226 4255 322 4323 modo
356 4253 495 4324 Doridis
524 4281 632 4348 genus
658 4257 899 4350 cognoscitur,
936 4279 1004 4323 non
1035 4253 1224 4344 singularis
1255 4247 1316 4335 eju
