2746 4818
292 409 324 502 §.
347 411 408 487 43.
454 411 512 483 De
530 406 868 507 praepositionibus.
1054 410 1130 488 353
1208 377 1214 391 l

47 610 220 679 Boecllrius
243 615 367 690 συνείκη
391 637 458 678 uon
480 623 568 678 recte
590 612 624 678 in
641 615 796 691 συνενείκη
810 622 953 680 mutasse
969 611 1129 690 videatur,

46 714 119 780 nihil
139 714 330 780 mutandum
352 739 426 780 esse
449 739 548 805 supra
570 715 743 782 docuimus
766 739 794 781 s.
818 738 850 782 v.
876 721 945 778 ἵκω.
968 747 1011 764 ·-
1037 715 1137 780 Peri.-

47 813 129 901 Subj.
158 816 319 900 ἐνήνεχμαι
346 815 562 900 Archimed,
602 839 678 882 nam
710 841 802 883 mero
836 815 1017 905 sphalmata
1045 815 1132 904 apud

46 918 174 984 eundem
195 919 373 1009 aliquoties
396 917 687 1007 reduplicationem
709 918 816 984 omitti
832 942 930 1009 supra
944 915 1132 988 monuimus

44 1020 71 1102 ἕ.
91 1021 148 1105 35,
171 1023 205 1086 2.

118 1124 284 1206 φθαίρω
307 1101 468 1188 Doiieum
498 1107 572 1188 esse
600 1122 742 1186 refertur
773 1123 834 1209 pio
857 1125 981 1207 φθείρω
1003 1121 1071 1189 vid.
1096 1121 1129 1206 fi.

42 1224 95 1310 22,
119 1225 163 1310 53
187 1224 269 1289 Aur.
293 1223 327 1288 ll
348 1248 382 1313 p.
409 1227 626 1308 καταφθαρείς
646 1223 767 1311 Epieh.
792 1222 846 1290 19.

115 1325 318 1412 (χάσκω),
348 1326 441 1392 Peri.
468 1327 583 1411 κε’χανα
606 1325 727 1415 Sophr.
752 1325 804 1392 51.

113 1428 209 1513 χέω,
232 1426 313 1492 Aur.
340 1427 485 1514 Ιίχχεάς
506 1427 627 1518 Epich.
651 1424 704 1490 61.

115 1537 241 1595 ΧΡΕ.
286 1527 399 1613 Hujus
428 1528 542 1616 stirpis
574 1528 654 1594 haec
686 1525 920 1594 inclinamenta
949 1530 1056 1598 variae
1087 1533 1131 1599 si·

39 1630 252 1717 gnificationis
274 1630 504 1718 reperiuntur:

114 1736 147 1814 a)
193 1730 276 1818 χρή,
311 1741 503 1820 oportet,
536 1754 633 1819 quam
655 1752 769 1797 vocem
792 1728 834 1794 ab
855 1729 950 1796 initio
972 1756 1038 1797 nou
1060 1759 1131 1802 ver·

37 1831 107 1899 lum
129 1857 224 1912 esse,
256 1833 316 1898 sed
337 1833 598 1916 substantivum,
633 1832 712 1898 olim
736 1831 907 1898 docuimus
928 1833 964 1898 in
987 1833 1067 1902 diss.
1090 1836 1132 1903 de

38 1936 117 2020 conj.
141 1936 181 2000 iu
204 1960 238 2017 ps
265 1960 300 2025 p.
324 1934 386 2016 28,
419 1935 544 2026 legitur
564 1931 685 2024 Epich.
710 1934 785 2000 122.
811 1932 884 2000 131.
910 1935 991 2020 133,
1024 1961 1132 2028 noque

37 2036 133 2102 ullum
157 2035 250 2102 aliud
274 2036 348 2122 ejus
371 2037 653 2102 inclinamentnm.

112 2135 152 2224 h)
198 2141 331 2224 χρῆσθα
352 2139 497 2204 Acharn.
516 2139 580 2206 744
600 2162 660 2228 pro
681 2136 808 2226 χρῄζεις
828 2137 950 2205 dictum
973 2164 1068 2224 esse,
1090 2142 1132 2210 de

36 2263 93 2328 quo
122 2263 245 2308 vocum
271 2243 353 2328 χρῇς
381 2249 413 2306 et
441 2243 505 2328 χρῇ
533 2263 596 2304 usu
622 2239 818 2305 Diodorfius
847 2240 932 2306 dixit
958 2242 1000 2307 ad
1026 2241 1129 2334 Soplr.

35 2341 145 2430 Antip.
174 2341 251 2424 887,
281 2339 466 2408 rectissime
490 2341 655 2430 Berglrius
678 2341 843 2407 intellexit
864 2342 933 2409 vid.
957 2347 987 2429 ᾗ.
1011 2347 1073 2431 24,
1097 2349 1129 2415 1.

34 2440 157 2510 Eodem
181 2467 284 2508 sensu
304 2441 410 2530 χρῄζω
432 2444 486 2512 vel
508 2443 615 2528 χρήζω
638 2452 816 2531 risurpatur
837 2444 901 2510 vid.
926 2439 957 2532 §.
980 2447 1042 2530 22,
1065 2449 1097 2515 7.

111 2543 146 2633 c)
194 2547 273 2630 χρῆ
282 2553 401 2621 σθαι,
413 2560 417 2566 ’
427 2545 500 2628 uti,
524 2545 560 2610 in
577 2545 629 2610 lris
644 2544 761 2610 formis
774 2547 953 2634 reperitur=
978 2548 1130 2639 Imperat.

31 2647 184 2728 χρήσθων
208 2645 297 2710 Cret.
320 2644 426 2728 2556,
449 2645 492 2711 65
523 2657 556 2711 et
579 2648 818 2731 καταχρείσθων
840 2647 949 2712 erotl.
972 2649 1070 2735 2525,
1094 2653 1128 2718 lt.

31 2748 86 2834 86,
118 2747 190 2814 Inf.
213 2750 361 2832 χρῆσθαι
384 2747 518 2814 Heraol.
543 2746 597 2825 11,
620 2748 685 2832 663
714 2747 837 2813 Partic.
862 2749 1017 2835 χρήμενος
1038 2753 1128 2822 Cret.

28 2851 134 2934 2554,
160 2851 216 2916 61.
261 2847 366 2914 Vides
397 2847 511 2916 ultima
539 2849 643 2913 forma
673 2859 828 2939 exceptu,
863 2876 947 2942 quac
976 2852 1011 2919 in
1034 2855 1130 2922 titulo

29 2949 278 3042 corruptissimo
308 2961 422 3040 p'arum
450 2949 528 3018 fidei
557 2949 674 3032 hahet,
707 2953 851 3042 reliquas
878 2979 898 3020 a
925 2957 1058 3040 χρέομαι
1086 2957 1131 3024 ita

25 3051 252 3133 descendere,
277 3062 312 3116 ut
336 3052 481 3118 severior
496 3051 598 3118 Doris
622 3077 651 3116 εε
673 3053 708 3118 iu
728 3082 745 3132 η
769 3058 996 3143 conjunxerit,
1019 3060 1131 3126 mitior

23 3153 56 3220 in
79 3182 127 3236 ει,
156 3155 204 3220 cl.
228 3153 260 3236 ξ.
285 3154 346 3236 38,
370 3153 402 3218 4.
428 3191 470 3202 -
501 3154 585 3221 Aor.
609 3155 682 3244 lp.
706 3157 927 3240 κατεχρήσθην
949 3161 973 3225 i.
998 3183 1028 3224 e.
1053 3184 1129 3227 usu

22 3255 193 3324 confici
214 3255 292 3345 plus
314 3255 417 3320 semel
439 3257 599 3344 repetitur
620 3257 656 3320 in
681 3257 816 3345 Corcyr.
843 3259 938 3326 1845.

107 3362 149 3440 d)
198 3356 361 3442 ἀποχρέω,
387 3357 588 3439 sufficio,
610 3357 731 3446 Epiclr.
751 3360 825 3424 114.
855 3367 861 3376 ’

104 3460 271 3530 Dcrivata
293 3461 392 3546 hujus
411 3459 531 3524 radicis
553 3458 589 3524 in
612 3459 757 3548 genuina
778 3459 905 3528 Doride
925 3490 946 3541 η
967 3462 1053 3532 tueri
1076 3486 1129 3530 su·
1157 3501 1159 3504 ·

15 3588 73 3653 pra
99 3562 283 3632 docuimus
304 3563 336 3646 5.
361 3560 424 3644 19,
449 3560 481 3626 3.

507 3721 552 3863 'c
580 3778 634 3845 43.

363 3937 424 3986 lte
444 3935 798 4000 praepositionibus.

103 4085 149 4172 1)
197 4083 301 4152 Utin
314 4082 464 4150 Aeolicis
486 4081 655 4160 dialectis,
674 4081 720 4148 ita
742 4081 778 4147 in
800 4081 983 4173 antiquiore
1002 4085 1129 4156 Doride

12 4209 199 4278 apocopen
220 4188 390 4276 patiuntur
411 4184 671 4274 praepositiones
692 4184 798 4266 παρά,
833 4184 911 4262 ἀνά,
934 4188 1032 4266 κατά,
1063 4213 1130 4280 quo

12 4291 156 4358 recedit
180 4288 341 4356 Doricum
367 4289 441 4352 ποτέ
466 4309 527 4375 pro
554 4286 646 4372 πρός.
701 4287 850 4354 Primum
877 4288 992 4358 titulos
1019 4293 1129 4379 perlu-

40 4421 99 4486 11.
885 4416 928 4483 23
