2754 4818
222 359 299 439 664
528 357 701 434 Addenda
724 371 760 430 et
786 301 1025 456 Corrigenda=

224 571 302 630 sunt
331 571 485 628 testarum
506 559 607 626 Acris
636 558 673 624 in
700 558 819 626 Sicilia
844 533 1049 648 repertarum
1074 554 1320 646 inscriptiones,

223 663 265 728 da
286 662 408 753 quibus
430 660 514 727 dixit
535 661 837 730 Raonl-Roclrette
858 662 895 726 in
911 661 1032 728 lllnseo
1049 660 1214 728 Rhenano
1231 659 1321 728 Wcl·

222 765 314 834 clrcri
335 776 368 831 et
381 763 501 831 Naelrii
522 764 601 831 Vol.
614 764 676 831 lv.
699 790 732 854 p.
745 765 787 832 85
809 773 847 830 nt
860 761 1063 850 Ἀρμαμιτίου
1084 773 1116 828 ct
1138 760 1191 828 ἐπ’
1209 762 1322 846 ἱερέως,

85 871 91 888 “
223 890 286 934 nec
306 866 419 933 minus
441 864 548 950 aliae,
573 890 656 957 quas
679 867 845 934 Castellns
866 866 954 933 inter
974 865 1212 956 inscriptiones
1235 865 1324 934 Sien-

222 973 274 1038 las
296 967 469 1058 congessit
489 968 525 1035 in
547 969 602 1036 cl.
624 970 705 1035 XV.

308 1072 407 1138 Pa
374 1097 407 1163 g
432 1072 485 1138 17.
530 1072 642 1139 Tituli
663 1070 839 1160 Cyrenaici
869 1093 922 1137 nr.
947 1069 1065 1138 10.11
1095 1069 1196 1136 etiarn
1225 1094 1247 1135 a
1270 1071 1326 1138 Lc-

223 1173 357 1242 tronnio
385 1173 467 1242 editi
495 1183 573 1240 snnt
600 1197 620 1240 e
647 1173 764 1241 Paclaii
795 1171 927 1242 schedis
955 1174 992 1240 in
1018 1177 1133 1240 Jocm.
1162 1173 1221 1239 des
1250 1175 1326 1240 Soa.
1370 1257 1374 1290 1

309 1301 477 1465 Ρξρ..
421 1377 464 1445 29
486 1376 1007 1452 not.10.Choe1-olaoscnsad
1027 1359 1164 1442 Tloeod.
1183 1375 1272 1461 651,
1291 1375 1375 1446 16

223 1478 360 1572 praebet
382 1481 530 1568 exempla
554 1477 740 1561 Πάαεςμ
709 1481 813 1564 αἶ’,γες
837 1479 951 1563 puisse.

310 1581 408 1672 Pap·
432 1581 520 1650 331.
543 1583 598 1649 21.
643 1581 729 1671 Lep.
754 1584 889 1666 κομψῶς
910 1593 945 1648 et
966 1583 1097 1654 ἁπλαῖς..

309 1684 409 1773 Pap.
432 1681 475 1749 36
497 1685 523 1750 l.
544 1685 600 1752 29.
643 1683 775 1774 Leg.’
758 1684 845 1749 εααέα
866 1686 938 1752 et
921 1682 1016 1750 carol.

310 1786 405 1874 Pap.
432 1787 474 1856 39
507 1786 611 1855 l·10.
671 1785 773 1876 Apud
805 1785 1001 1854 Alcmenam
1037 1786 1081 1851 ir.
1105 1783 1148 1851 59
1182 1779 1257 1870 (24)
1296 1785 1329 1850 16

224 1887 390 1957 Athenaei
419 1888 516 1957 lilrris
540 1899 591 1956 est
619 1915 753 1975 χωπαρα
767 1889 805 1953 ’1.
828 1913 859 1956 6.
883 1894 938 1954 καὶ
961 1886 1092 1979 ὀπώρα,
1122 1887 1215 1953 6666
1238 1886 1329 1954 colli·

226 2015 306 2083 perc
327 1990 441 2082 possis
463 1991 615 2058 Lacones
638 1991 746 2076 ὁπάρα
768 1993 823 2059 vel
846 1991 958 2078 ὀπώρα
981 1990 1118 2057 dixisse.

311 2094 411 2184 Pap.
435 2093 478 2160 39
507 2092 531 2160 l
554 2094 929 2179 4.1166ιέπέἱρέ6ς
959 2105 1009 2160 est
1036 2094 1071 2159 in
1100 2103 1189 2160 testa
1211 2093 1328 2160 Olbiae

223 2207 376 2286 reperta,
399 2219 485 2286 qnae
507 2219 575 2263 non
596 2196 708 2264 minus
730 2221 749 2264 a
771 2197 904 2265 Rhodio
925 2196 1029 2288 figulo
1050 2196 1134 2263 facta
1156 2206 1213 2262 est
1235 2220 1329 2288 quarn

226 2297 454 2382 Accensis‚'
444 2322 480 2364 m
502 2321 566 2390 qna
588 2299 675 2366 idem
697 2300 832 2391 legitur.

310 2401 411 2492 Pap.
434 2402 524 2468 401.
546 2402 601 2472 26.
647 2404 780 2492 Lege‘
764 2401 843 2470 ακτώ
867 2414 900 2469 et
922 2402 1018 2467 ἐννέα.

122 2578 124 2591 Ι
310 2503 464 2593 Paptt)
485 2505 510 2572 l.
527 2504 559 2573 5.
605 2505 704 2573 Adde
724 2505 853 2590 Ἀβώβα
855 2507 911 2580 cd
927 2505 1061 2580 ’Ἄδωνις
1083 2502 1145 2569 aino*
1161 2508 1327 2590 Περγαίων

224 2607 280 2674 Et.
305 2607 353 2674 Μ.
377 2608 421 2691 4,
444 2607 485 2675 53
501 2618 542 2676 'et
563 2608 732 2697 Hespeh„
756 2601 987 2698 qnod-nomed
1009 2607 1075 2673 nisi
1097 2606 1245 2674 dialecto
1267 2633 1327 2674 non

224 2710 392 2776 diversam
422 2732 496 2778 csse
527 2711 567 2777 alr
597 2709 740 2790 Ἠαἰης,
785 2720 823 2777 ut
850 2707 1013 2799 Panyasis
1043 2707 1217 2797 Hesychio
1249 2723 1326 2777 teste

73 2874 87 2900 Ι
225 2811 415 2878 Adonidem
436 2814 658 2903 appellaverat
684 2815 838 2896 (eundem
860 2813 919 2880 alii
938 2811 1038 2895 Ἀῷος
1057 2822 1092 2877 et
1110 2813 1220 2894 Ἑῷος
1243 2814 1326 2880 dixe

172 2935 175 2938 ·
223 2917 329 2998 runt),
351 2913 510 3010 indicavit
529 2916 720 2983 Meinekius
741 2915 855 2982 Anall.
879 2916 1001 2982 Alen.
1024 2939 1059 3005 p.
1071 2914 1148 2982 282.
1183 2916 1323 2984 Descen-

225 3015 404 3083 (litantem
426 3015 468 3082 ab
491 3014 578 3099 ἆβώς
599 3019 623 3083 1.
648 3044 678 3086 6.
703 3016 792 3099 ἠώς,
827 3018 886 3086 sed
907 3019 1010 3085 miror
1029 3017 1171 3084 alterum
1193 3027 1228 3102 β.

309 3120 408 3209 Pap.
426 3118 469 3188 50
493 3144 550 3187 nr.
574 3119 607 3187 6.
651 3121 776 3190 Nescio
798 3145 841 3188 an
861 3124 927 3188 lanc
948 3119 1034 3188 trahi
1055 3120 1191 3210 possint
1206 3123 1326 3186 'Oloo-

226 3247 283 3299 σος
305 3231 338 3290 et
358 3221 508 3302 Βλάσος,
537 3215 711 3315 ‘quomodo
731 3225 813 3291 Lasi
835 3223 1090 3292 Hermionenois
1117 3247 1245 3290 nornen
1274 3223 1324 3290 ali·

224 3324 356 3415 qnoties
380 3325 541 3416 scriptum
561 3327 724 3416 reperitur
744 3327 812 3396 vid.
833 3326 1045 3394 Schneidcw.
1068 3325 1110 3390 de
1132 3326 1228 3395 Lsso
1249 3353 1284 3418 p.
1296 3331 1323 3392 6.

309 3426 406 3514 pag.
430 3426 473 3493 54
494 3427 550 3494 16.
585 3426 694 3497 Valde
714 3429 938 3498 memorabilis
960 3439 1011 3494 est
1030 3429 1143 3516 glossa
1165 3428 1322 3520 Hespelii

225 3527 403 3614 Γελχᾶαος,
443 3530 461 3596 ὁ
485 3528 566 3607 Ζεὺς
594 3531 682 3620 παρὰ
703 3535 831 3621 Κρησίν
860 3530 951 3618 (666.
976 3533 1122 3616 aptoton),
1160 3530 1321 3622 qnnmin

224 3655 359 3700 nummo
383 3632 540 3701 Phaestio
568 3635 700 3725 legatur
733 3639 996 3700 [ΕΛΧΑΝΟΣ
1026 3633 1092 3699 vid.
1125 3634 1254 3704 Bnllet.
1276 3633 1320 3699 dd

224 3733 310 3800 last.
333 3734 436 3802 Aret.
458 3735 539 3804 1841
561 3737 645 3826 pol
668 3749 701 3803 ct
722 3762 757 3829 p.
767 3737 841 3805 174.
887 3736 1107 3804 confirmatur
1127 3737 1213 3806 ltine
1233 3759 1317 3830 qm

224 3835 388 3921 maxime,
429 3846 462 3904 Γ
477 3839 566 3930 apud
588 3841 795 3929 Hesychinm
816 3864 885 3906 non
905 3841 951 3906 ita
971 3863 1031 3930 pro
1053 3839 1224 3930 digamma
1244 3861 1312 3910 cm,

223 3950 261 4006 nt
282 3951 404 4007 manta
424 3942 649 4031 pronuntiatio
673 3942 897 4033 significetur-3
927 3953 1076 4010 recentes
1097 3941 1192 4010 caim
1214 3943 1308 4011 cess

225 4042 389 4133 digamma
409 4043 445 4110 in
468 4053 491 4129 β
511 4058 690 4114 16666661.

310 4146 365 4212 Pa
373 4173 407 4236 g.
430 4146 470 4214 61
494 4147 590 4215 init.
633 4147 831 4235 Ἀρταμίτιος
852 4149 978 4214 mensis
999 4161 1051 4216 cst
1071 4149 1107 4214 16
1129 4149 1227 4218 testis
1245 4169 1309 4214 nor

141 4279 145 4288 «
227 4247 330 4314 anilis
353 4247 473 4316 Olbiae
495 4252 654 4341 repertis,
684 4275 769 4342 quae
792 4264 869 4318 sunt
888 4251 1078 4320 Rhodiacae
1100 4251 1261 4341 originis,
1285 4259 1309 4314 ot
