2754 4818
223 399 300 476 ool
527 398 699 474 orrenda
724 412 760 473 α
780 365 1018 500 corrigenda.

226 629 300 673 rum
326 605 512 672 Ἱπποκλέαν
541 605 668 671 dicunt.
719 604 869 695 Apparet
898 615 1029 691 antem,
1067 606 1266 674 scholiastae
1286 608 1314 674 il
1369 683 1370 690 ἵ

225 731 347 776 nomen
369 732 437 775 non
459 733 477 775 e
500 707 594 774 docta
615 706 756 798 quadam
777 707 976 787 traditione,
1009 709 1068 774 sed
1091 733 1133 776 ex
1154 710 1232 801 ipso
1251 711 1315 776 Pin·
1369 721 1370 758 ἓ

227 810 306 877 ‹laro
328 809 492 876 hausisse.
545 808 616 874 Vix
642 821 751 875 tamen
780 819 868 876 recte
896 810 1095 900 collegeris,
1131 835 1210 877 cnm
1231 815 1316 879 altero
1369 817 1370 900 l

101 923 104 930 ’
224 915 301 980 loeo
312 913 499 980 Ἱπποκλέαν
519 911 677 1001 scriptum
698 911 888 997 invenissc3
919 913 975 978 sed
997 936 1101 1003 quum
1122 915 1220 1002 prior
1240 917 1317 982 locus
1369 901 1370 954 l

212 1016 269 1082 'dc
290 1015 435 1082 nominis
456 1015 562 1080 forma
583 1013 696 1079 testari
718 1012 908 1096 videretur,
941 1016 1082 1082 alterum
1103 1015 1219 1082 miuus
1240 1041 1319 1084 oura-

224 1119 296 1186 vit·
330 1117 550 1208 Aptiquioros
572 1117 677 1200 illos,
706 1105 770 1206 'qui
793 1115 931 1182 Pindari
953 1118 1100 1184 carmina
1121 1119 1322 1210 collegerunt

226 1230 259 1287 et
288 1221 553 1309 inscripserunt,
596 1229 652 1284 aut
673 1239 728 1283 eas
752 1217 859 1284 solum
888 1219 1010 1285 formas
1037 1220 1164 1312 legisse
1186 1246 1270 1312 qnae
1289 1222 1323 1288 al

224 1323 464 1390 nominativum
491 1320 661 1400 Ἱπποκλῆς
689 1321 806 1386 referri
834 1318 995 1410 possent,
1034 1334 1091 1387 aut
1116 1325 1182 1389 lroc
1212 1347 1323 1390 nomon

224 1437 259 1490 et
276 1423 463 1499 Ἱπποκλέας
484 1445 551 1489 non
573 1421 704 1488 diversa
728 1421 959 1503 existimasse,
1000 1423 1134 1514 antiqua
1157 1425 1325 1515 inscriptio

224 1527 383 1592 Ἱπποκλκῖ
402 1525 567 1614 patefacit.
613 1524 709 1608 Quae
729 1548 832 1612 quum
853 1523 899 1589 ita
922 1524 1011 1609 sint,
1044 1550 1162 1616 parum
1185 1539 1273 1594 caute
1294 1531 1325 1593 is

225 1651 323 1718 agere
337 1627 487 1711 videtur,
510 1627 569 1717 qui
591 1629 694 1694 altero
716 1629 790 1692 loco
810 1626 941 1702 literam
965 1629 1038 1695 sine
1059 1629 1157 1695 libris
1180 1630 1327 1697 addendo

223 1729 444 1798 accusativum
465 1721 650 1796 Ἱπποκλεάο
669 1729 808 1816 efficiam
839 1753 914 1825 nam
935 1729 1121 1814 Ἱπποκλέα,
1144 1731 1235 1820 quod
1256 1757 1327 1823 pro·

223 1833 420 1924 posuimus,
450 1831 578 1898 etiamsi
597 1831 709 1922 priore
729 1832 805 1898 loco
824 1831 992 1912 Ἱπποκλέᾳ
1013 1843 1145 1918 teneas,
1180 1858 1250 1900 uon
1271 1835 1327 1902 mi·

222 1958 289 2002 nno
315 1934 396 2000 lerri
424 1945 556 2024 potest,
593 1958 692 2025 quam
723 1934 759 2000 iu
787 1932 900 1999 cadem
926 1933 1096 2000 Plutarchi
1123 1940 1328 2026 paragrapho

225 2033 252 2102 oi
270 2037 457 2119 Πατροκλέα
479 2050 513 2103 et
529 2035 749 2121 Πατροκλέους
764 2035 883 2122 juncta
904 2045 993 2100 sunt.
1036 2035 1157 2127 Neque
1178 2038 1224 2102 G.
1248 2041 1328 2103 ller-

224 2158 366 2208 mannus
389 2140 575 2206 andiendus
597 2151 670 2222 est,
706 2161 807 2228 quum
829 2137 865 2203 in
886 2137 1185 2206 Emendationilans
1207 2141 1328 2207 Pinda-

222 2244 304 2310 ricis
320 2242 498 2312 dictionem
519 2241 680 2333 poeticam
702 2241 878 2306 articulum
899 2238 954 2304 τόα
966 2242 1153 2306 Ἱπποκλέαν
1176 2267 1247 2309 non
1266 2246 1328 2310 lar·

222 2367 260 2417 re
289 2344 441 2433 opinatus
469 2343 523 2410 riu
544 2343 713 2410 Ἱπποκλέα
737 2341 770 2408 o'
793 2341 838 2406 έτο
865 2342 1020 2432 scripsit,
1064 2352 1101 2408 ut
1122 2343 1327 2436 llippoeleae

194 2517 197 2520 ,
222 2457 315 2539 pater
337 2447 451 2514 eodem
473 2447 607 2514 nomine
629 2469 711 2512 usus
733 2447 789 2511 sit.
856 2443 935 2512 Sola
955 2444 1045 2510 enim
1066 2443 1188 2534 Pythia
1222 2450 1328 2539 perlu-

225 2551 342 2617 stranti
362 2551 425 2617 tria
444 2550 579 2618 articuli
599 2573 675 2617 cum
697 2545 888 2615 nominibus
905 2547 1017 2635 juncti
1039 2550 1190 2638 exempla
1214 2575 1253 2618 se
1274 2553 1327 2618 olr-

223 2653 394 2720 tolerante
439 2654 500 2739 ll,
525 2654 566 2720 73
600 2655 618 2720 ὁ
645 2651 895 2734 Ῥαδάμανθυς,
939 2650 1001 2735 IV,
1020 2648 1068 2716 '66
1098 2651 1119 2716 ἅ
1146 2677 1179 2716 τε
1210 2655 1326 2738 Πυθώ,

222 2753 298 2839 XI,
322 2755 363 2822 59
391 2753 445 2822 colo
464 2753 653 2839 Ἰφικλείδαν
672 2753 805 2820 Ἰόλαον.
860 2751 978 2818 Restat
1000 2763 1037 2818 ut
1059 2752 1099 2818 tle
1119 2753 1238 2843 priore
1258 2757 1327 2822 loco

224 2855 383 2921 dicamus.
417 2855 484 2922 Ubi
507 2857 537 2922 si
559 2857 635 2947 quis
656 2855 807 2922 traditam
831 2854 1007 2923 lectionem
1028 2855 1197 2923 mordiens
1219 2871 1328 2924 terere

222 2957 325 3042 vetit,
356 2981 444 3022 nunc
465 2959 598 3049 quidem
621 2983 688 3024 non
711 2957 997 3026 conabimuream
1017 2967 1055 3024 ut
1075 2957 1250 3026 barbaram
1270 2983 1330 3050 per

221 3060 290 3128 vim
317 3058 467 3150 cripere,
512 3061 571 3128 sed
591 3060 766 3126 lectionem
790 3069 956 3144 nostram,
998 3083 1081 3151 qnae
1102 3085 1146 3126 ne
1168 3087 1242 3128 nna
1261 3062 1331 3154 qui·

223 3163 299 3229 dem
320 3162 418 3229 litera
439 3173 560 3230 mutata
581 3162 832 3229 insolentiorem
854 3173 887 3228 ct
907 3185 967 3253 pro
990 3162 1104 3228 aetatis
1125 3171 1265 3232 ratione
1281 3191 1330 3230 sn·

223 3275 368 3355 speetam
396 3265 542 3332 nominis
569 3268 707 3332 formam
729 3287 869 3356 eamque
895 3288 1010 3353 parum
1031 3264 1192 3332 munitam
1225 3293 1332 3336 remo-

221 3377 299 3451 vet,
331 3366 518 3434 etiamnunc
539 3369 638 3435 nobis
659 3393 727 3434 non
748 3366 928 3456 displicere
949 3366 1057 3432 libere
1076 3369 1293 3456 profitemur.

306 3469 404 3557 Pag.
431 3468 493 3537 166
523 3471 548 3537 l.
571 3469 623 3537 15.
675 3470 774 3538 Adde
795 3473 902 3543 Βῶλος
923 3465 1251 3539 ¹Cretensisnomen
1273 3475 1332 3540 Po·

221 3570 293 3660 tyb.
316 3569 422 3649 v111,
446 3572 489 3637 17
519 3572 544 3638 i.
569 3597 599 3638 e.
623 3576 779 3651 Βοολέας,
823 3592 931 3661 neque
957 3569 1055 3637 eredo
1083 3571 1126 3637 ah
1156 3574 1333 3643 Herodoto

220 3673 307 3751 vll,
325 3674 389 3741 134
409 3673 517 3740 virum
536 3673 733 3765 Spartanum
749 3675 843 3762 justa
864 3669 1009 3739 nominis
1030 3674 1138 3742 forma
1161 3678 1333 3747 Laconica

220 3780 337 3843 Βοῦλιν
357 3777 528 3867 appellari.

306 3879 401 3967 Pag.
426 3879 487 3947 161
516 3877 543 3946 l.
566 3877 619 3956 13.
664 3870 719 3945 De
739 3883 939 3968 κωραλέοκος
958 3880 1002 3948 cl.
1028 3881 1142 3972 Bergk
1165 3883 1211 3951 (le
1235 3885 1327 3972 reliq·

221 4005 307 4048 com.
329 3983 402 4046 Att.
431 3986 466 4070 p.
489 3979 566 4047 431.
674 4005 676 4008 ’

305 4082 413 4148 Ihid.
437 4095 519 4149 not.
544 4082 669 4152 Eadem
690 4087 864 4156 traduntur
883 4089 921 4156 in
937 4086 1091 4158 Aneedd.
1109 4087 1247 4158 Pariss.
1272 4087 1333 4156 111.

220 4209 255 4274 p.
280 4185 365 4268 344,
395 4209 439 4252 ne
460 4185 515 4251 hic
536 4187 671 4278 quidem
689 4188 834 4282 integra.

306 4285 402 4377 rag.
428 4286 490 4353 162
519 4287 545 4357 l.
570 4291 612 4358 10
634 4315 748 4384 seqq.
793 4291 896 4385 Apud
918 4291 1158 4364 Callimachum
1179 4293 1271 4364 talia
1291 4293 1333 4358 le·
