<?xml version="1.0" encoding="UTF-8"?>
<!DOCTYPE html PUBLIC "-//W3C//DTD XHTML 1.0 Transitional//EN"
    "http://www.w3.org/TR/xhtml1/DTD/xhtml1-transitional.dtd">
<html xmlns="http://www.w3.org/1999/xhtml" xml:lang="en" lang="en">
 <head>
  <title>
</title>
<meta http-equiv="Content-Type" content="text/html;charset=utf-8" />
  <meta name='ocr-system' content='tesseract 3.04.00' />
  <meta name='ocr-capabilities' content='ocr_page ocr_carea ocr_par ocr_line ocrx_word'/>
</head>
<body>
  <div class='ocr_page' id='page_1' title='image "./degraccaelingua02ahregoog_0205.png"; bbox 0 0 2716 4818; ppageno 0'>
   <div class='ocr_carea' id='block_1_1' title="bbox 305 329 1119 466">
    <p class='ocr_par' dir='ltr' id='par_1_1' title="bbox 305 329 1119 466">
     <span class='ocr_line' id='line_1_1' title="bbox 305 329 1119 466; baseline 0.002 -18"><span class='ocrx_word' id='word_1_1' title='bbox 305 329 473 466; x_wconf 65' lang='lat' dir='ltr'><strong>&#39;aas</strong></span> <span class='ocrx_word' id='word_1_2' title='bbox 526 374 583 446; x_wconf 72' lang='lat' dir='ltr'><strong>n.</strong></span> <span class='ocrx_word' id='word_1_3' title='bbox 605 370 770 446; x_wconf 63' lang='lat' dir='ltr'><strong>namn</strong></span> <span class='ocrx_word' id='word_1_4' title='bbox 955 424 959 430; x_wconf 89' lang='lat'><strong>.</strong></span> <span class='ocrx_word' id='word_1_5' title='bbox 1047 375 1119 453; x_wconf 82' lang='lat'><strong>193</strong></span> 
     </span>
    </p>
   </div>
   <div class='ocr_carea' id='block_1_2' title="bbox 43 511 1140 778">
    <p class='ocr_par' dir='ltr' id='par_1_2' title="bbox 43 511 1140 768">
     <span class='ocr_line' id='line_1_2' title="bbox 44 511 1118 668; baseline 0.002 -26"><span class='ocrx_word' id='word_1_6' title='bbox 44 575 112 664; x_wconf 87' lang='lat' dir='ltr'><strong>qual</strong></span> <span class='ocrx_word' id='word_1_7' title='bbox 130 511 309 650; x_wconf 77' lang='lat' dir='ltr'><strong>Pindarum</strong></span> <span class='ocrx_word' id='word_1_8' title='bbox 340 602 359 644; x_wconf 90' lang='lat' dir='ltr'><strong>c</strong></span> <span class='ocrx_word' id='word_1_9' title='bbox 385 542 513 644; x_wconf 78' lang='lat' dir='ltr'><strong>Doride</strong></span> <span class='ocrx_word' id='word_1_10' title='bbox 542 575 676 642; x_wconf 86' lang='lat' dir='ltr'><strong>duxisse</strong></span> <span class='ocrx_word' id='word_1_11' title='bbox 705 586 841 654; x_wconf 82' lang='lat' dir='ltr'><strong>testatur</strong></span> <span class='ocrx_word' id='word_1_12' title='bbox 860 575 1053 644; x_wconf 81' lang='lat' dir='ltr'><strong>llnstathins</strong></span> <span class='ocrx_word' id='word_1_13' title='bbox 1084 601 1118 668; x_wconf 91' lang='lat' dir='ltr'><strong>p.</strong></span> 
     </span>
     <span class='ocr_line' id='line_1_3' title="bbox 43 657 1140 778; baseline 0.003 -35"><span class='ocrx_word' id='word_1_14' title='bbox 43 677 81 743; x_wconf 88' lang='grc'><strong>26.</strong></span> <span class='ocrx_word' id='word_1_15' title='bbox 118 657 331 778; x_wconf 76' lang='lat' dir='ltr'><strong>Discresin</strong></span> <span class='ocrx_word' id='word_1_16' title='bbox 315 681 449 764; x_wconf 73' lang='lat' dir='ltr'><strong>stipaps&#39;a</strong></span> <span class='ocrx_word' id='word_1_17' title='bbox 471 678 670 768; x_wconf 72' lang='lat' dir='ltr'><strong>Epicharmo</strong></span> <span class='ocrx_word' id='word_1_18' title='bbox 692 678 919 745; x_wconf 79' lang='lat' dir='ltr'>concessimus</span> <span class='ocrx_word' id='word_1_19' title='bbox 942 679 984 745; x_wconf 86' lang='lat' dir='ltr'><strong>l&#39;r.</strong></span> <span class='ocrx_word' id='word_1_20' title='bbox 1008 681 1060 746; x_wconf 87' lang='grc'><strong>23.</strong></span> <span class='ocrx_word' id='word_1_21' title='bbox 1136 697 1140 706; x_wconf 88' lang='grc'><strong>’</strong></span> 
     </span>
    </p>
   </div>
   <div class='ocr_carea' id='block_1_3' title="bbox 38 803 1139 1712">
    <p class='ocr_par' dir='ltr' id='par_1_3' title="bbox 38 803 1139 1712">
     <span class='ocr_line' id='line_1_4' title="bbox 104 803 1123 926; baseline -0.002 -54"><span class='ocrx_word' id='word_1_22' title='bbox 104 806 136 885; x_wconf 91' lang='grc'><strong>2)</strong></span> <span class='ocrx_word' id='word_1_23' title='bbox 179 806 383 926; x_wconf 82' lang='lat' dir='ltr'><strong>Plerumque</strong></span> <span class='ocrx_word' id='word_1_24' title='bbox 410 804 569 870; x_wconf 82' lang='lat' dir='ltr'><strong>diaeresis</strong></span> <span class='ocrx_word' id='word_1_25' title='bbox 598 803 690 871; x_wconf 86' lang='lat' dir='ltr'><strong>notio</strong></span> <span class='ocrx_word' id='word_1_26' title='bbox 720 805 818 870; x_wconf 86' lang='lat' dir='ltr'><strong>ctiam</strong></span> <span class='ocrx_word' id='word_1_27' title='bbox 844 805 943 871; x_wconf 86' lang='lat' dir='ltr'><strong>latius</strong></span> <span class='ocrx_word' id='word_1_28' title='bbox 976 806 1123 871; x_wconf 85' lang='lat' dir='ltr'><strong>extendi·</strong></span> 
     </span>
     <span class='ocr_line' id='line_1_5' title="bbox 41 906 1122 1008; baseline 0.006 -39"><span class='ocrx_word' id='word_1_29' title='bbox 41 915 94 990; x_wconf 86' lang='lat' dir='ltr'><strong>tur,</strong></span> <span class='ocrx_word' id='word_1_30' title='bbox 124 918 161 972; x_wconf 91' lang='lat' dir='ltr'><strong>ut</strong></span> <span class='ocrx_word' id='word_1_31' title='bbox 182 908 293 974; x_wconf 89' lang='lat' dir='ltr'><strong>omnia</strong></span> <span class='ocrx_word' id='word_1_32' title='bbox 314 906 587 995; x_wconf 86' lang='lat' dir='ltr'><strong>comprehendat,</strong></span> <span class='ocrx_word' id='word_1_33' title='bbox 627 929 861 998; x_wconf 89' lang='lat' dir='ltr'><strong>quaecunque,</strong></span> <span class='ocrx_word' id='word_1_34' title='bbox 897 929 997 996; x_wconf 88' lang='lat' dir='ltr'><strong>quum</strong></span> <span class='ocrx_word' id='word_1_35' title='bbox 1019 909 1122 1008; x_wconf 74' lang='lat' dir='ltr'><strong>vulgo</strong></span> 
     </span>
     <span class='ocr_line' id='line_1_6' title="bbox 40 1009 1123 1102; baseline 0.005 -32"><span class='ocrx_word' id='word_1_36' title='bbox 40 1010 269 1094; x_wconf 83' lang='lat' dir='ltr'><strong>contrahantur,</strong></span> <span class='ocrx_word' id='word_1_37' title='bbox 302 1010 337 1075; x_wconf 91' lang='lat' dir='ltr'><strong>in</strong></span> <span class='ocrx_word' id='word_1_38' title='bbox 368 1009 519 1076; x_wconf 85' lang='lat' dir='ltr'><strong>dialectis</strong></span> <span class='ocrx_word' id='word_1_39' title='bbox 552 1009 683 1102; x_wconf 76' lang='lat' dir='ltr'><strong>vocales</strong></span> <span class='ocrx_word' id='word_1_40' title='bbox 715 1033 782 1074; x_wconf 89' lang='lat' dir='ltr'><strong>uon</strong></span> <span class='ocrx_word' id='word_1_41' title='bbox 811 1010 1006 1096; x_wconf 87' lang='lat' dir='ltr'><strong>conjunctas</strong></span> <span class='ocrx_word' id='word_1_42' title='bbox 1028 1011 1123 1076; x_wconf 86' lang='lat' dir='ltr'><strong>exhi-</strong></span> 
     </span>
     <span class='ocr_line' id='line_1_7' title="bbox 40 1107 1124 1202; baseline 0.006 -31"><span class='ocrx_word' id='word_1_43' title='bbox 40 1107 110 1175; x_wconf 84' lang='lat' dir='ltr'><strong>hsut.</strong></span> <span class='ocrx_word' id='word_1_44' title='bbox 161 1111 327 1202; x_wconf 86' lang='lat' dir='ltr'><strong>Pleraque</strong></span> <span class='ocrx_word' id='word_1_45' title='bbox 350 1113 422 1201; x_wconf 84' lang='lat' dir='ltr'><strong>ejus</strong></span> <span class='ocrx_word' id='word_1_46' title='bbox 444 1111 596 1201; x_wconf 75' lang='lat' dir='ltr'><strong>generis,</strong></span> <span class='ocrx_word' id='word_1_47' title='bbox 625 1111 764 1201; x_wconf 91' lang='lat' dir='ltr'><strong>quaein</strong></span> <span class='ocrx_word' id='word_1_48' title='bbox 788 1111 973 1201; x_wconf 70' lang='lat' dir='ltr'><strong>antiquiore</strong></span> <span class='ocrx_word' id='word_1_49' title='bbox 995 1111 1124 1178; x_wconf 83' lang='lat' dir='ltr'><strong>Doride</strong></span> 
     </span>
     <span class='ocr_line' id='line_1_8' title="bbox 39 1211 1123 1303; baseline 0.005 -29"><span class='ocrx_word' id='word_1_50' title='bbox 39 1211 244 1300; x_wconf 85' lang='lat' dir='ltr'><strong>reperiuntur,</strong></span> <span class='ocrx_word' id='word_1_51' title='bbox 287 1214 375 1279; x_wconf 82' lang='lat' dir='ltr'><strong>iufra</strong></span> <span class='ocrx_word' id='word_1_52' title='bbox 410 1213 692 1278; x_wconf 90' lang='lat' dir='ltr'><strong>commemoranda</strong></span> <span class='ocrx_word' id='word_1_53' title='bbox 726 1213 903 1297; x_wconf 84' lang='lat' dir='ltr'><strong>ducimus,</strong></span> <span class='ocrx_word' id='word_1_54' title='bbox 932 1225 1052 1303; x_wconf 80' lang='lat' dir='ltr'><strong>&#39;quum</strong></span> <span class='ocrx_word' id='word_1_55' title='bbox 1082 1215 1123 1279; x_wconf 89' lang='lat' dir='ltr'><strong>de</strong></span> 
     </span>
     <span class='ocr_line' id='line_1_9' title="bbox 39 1315 1139 1406; baseline 0.005 -31"><span class='ocrx_word' id='word_1_56' title='bbox 39 1315 258 1400; x_wconf 77' lang='lat' dir='ltr'><strong>couuactioue,</strong></span> <span class='ocrx_word' id='word_1_57' title='bbox 293 1316 334 1381; x_wconf 88' lang='lat' dir='ltr'><strong>de</strong></span> <span class='ocrx_word' id='word_1_58' title='bbox 357 1315 576 1381; x_wconf 72' lang='lat' dir='ltr'><strong>declinatione</strong></span> <span class='ocrx_word' id='word_1_59' title='bbox 598 1326 630 1380; x_wconf 88' lang='lat' dir='ltr'><strong>et</strong></span> <span class='ocrx_word' id='word_1_60' title='bbox 652 1315 693 1379; x_wconf 90' lang='lat' dir='ltr'><strong>de</strong></span> <span class='ocrx_word' id='word_1_61' title='bbox 715 1317 948 1406; x_wconf 77' lang='lat' dir='ltr'><strong>conjugatione</strong></span> <span class='ocrx_word' id='word_1_62' title='bbox 971 1340 1139 1405; x_wconf 73' lang='lat' dir='ltr'><strong>agemus.-</strong></span> 
     </span>
     <span class='ocr_line' id='line_1_10' title="bbox 38 1413 1122 1507; baseline 0.004 -29"><span class='ocrx_word' id='word_1_63' title='bbox 38 1413 115 1482; x_wconf 89' lang='lat' dir='ltr'><strong>Nnnc</strong></span> <span class='ocrx_word' id='word_1_64' title='bbox 134 1419 243 1484; x_wconf 79' lang='lat' dir='ltr'><strong>varias</strong></span> <span class='ocrx_word' id='word_1_65' title='bbox 264 1417 427 1483; x_wconf 80' lang='lat' dir='ltr'><strong>vocalium</strong></span> <span class='ocrx_word' id='word_1_66' title='bbox 448 1417 717 1502; x_wconf 86' lang='lat' dir='ltr'><strong>conjunctiones,</strong></span> <span class='ocrx_word' id='word_1_67' title='bbox 751 1441 834 1506; x_wconf 88' lang='lat' dir='ltr'><strong>quae</strong></span> <span class='ocrx_word' id='word_1_68' title='bbox 863 1420 965 1507; x_wconf 74' lang='lat' dir='ltr'><strong>vulgo</strong></span> <span class='ocrx_word' id='word_1_69' title='bbox 995 1428 1122 1484; x_wconf 87' lang='lat' dir='ltr'><strong>contra·</strong></span> 
     </span>
     <span class='ocr_line' id='line_1_11' title="bbox 38 1517 1122 1610; baseline 0.005 -31"><span class='ocrx_word' id='word_1_70' title='bbox 38 1518 157 1584; x_wconf 86' lang='lat' dir='ltr'><strong>ctionem</strong></span> <span class='ocrx_word' id='word_1_71' title='bbox 179 1521 373 1610; x_wconf 88' lang='lat' dir='ltr'><strong>postulant,</strong></span> <span class='ocrx_word' id='word_1_72' title='bbox 405 1519 644 1608; x_wconf 72' lang='lat' dir='ltr'><strong>perlustrantes</strong></span> <span class='ocrx_word' id='word_1_73' title='bbox 674 1518 789 1606; x_wconf 87' lang='lat' dir='ltr'><strong>paucis</strong></span> <span class='ocrx_word' id='word_1_74' title='bbox 811 1517 1056 1602; x_wconf 86' lang='lat' dir='ltr'><strong>indicabimus,</strong></span> <span class='ocrx_word' id='word_1_75' title='bbox 1092 1520 1122 1585; x_wconf 90' lang='lat' dir='ltr'><strong>si</strong></span> 
     </span>
     <span class='ocr_line' id='line_1_12' title="bbox 39 1620 808 1712; baseline 0.003 -27"><span class='ocrx_word' id='word_1_76' title='bbox 39 1643 103 1706; x_wconf 86' lang='lat' dir='ltr'><strong>quae</strong></span> <span class='ocrx_word' id='word_1_77' title='bbox 122 1622 208 1712; x_wconf 87' lang='lat' dir='ltr'><strong>apud</strong></span> <span class='ocrx_word' id='word_1_78' title='bbox 230 1620 414 1688; x_wconf 79' lang='lat' dir='ltr'><strong>Dorienses</strong></span> <span class='ocrx_word' id='word_1_79' title='bbox 435 1645 501 1688; x_wconf 89' lang='lat' dir='ltr'><strong>nou</strong></span> <span class='ocrx_word' id='word_1_80' title='bbox 523 1622 777 1687; x_wconf 77' lang='lat' dir='ltr'><strong>contrahantura</strong></span> <span class='ocrx_word' id='word_1_81' title='bbox 806 1681 808 1687; x_wconf 92' lang='lat'><strong>.</strong></span> 
     </span>
    </p>
   </div>
   <div class='ocr_carea' id='block_1_4' title="bbox 34 1748 1121 2274">
    <p class='ocr_par' dir='ltr' id='par_1_4' title="bbox 34 1748 1121 2248">
     <span class='ocr_line' id='line_1_13' title="bbox 105 1748 1121 1839; baseline 0.003 -25"><span class='ocrx_word' id='word_1_82' title='bbox 105 1775 162 1829; x_wconf 78' lang='lat' dir='ltr'><strong>aa,</strong></span> <span class='ocrx_word' id='word_1_83' title='bbox 186 1775 270 1830; x_wconf 75' lang='lat' dir='ltr'><strong>aaa,</strong></span> <span class='ocrx_word' id='word_1_84' title='bbox 295 1777 361 1830; x_wconf 85' lang='grc' dir='ltr'><strong>αη,</strong></span> <span class='ocrx_word' id='word_1_85' title='bbox 387 1778 431 1839; x_wconf 76' lang='lat' dir='ltr'><strong>ep</strong></span> <span class='ocrx_word' id='word_1_86' title='bbox 455 1751 491 1815; x_wconf 92' lang='lat' dir='ltr'><strong>in</strong></span> <span class='ocrx_word' id='word_1_87' title='bbox 514 1748 750 1838; x_wconf 78' lang='lat' dir='ltr'><strong>conjugatione</strong></span> <span class='ocrx_word' id='word_1_88' title='bbox 773 1772 939 1839; x_wconf 88' lang='lat' dir='ltr'><strong>nunquam</strong></span> <span class='ocrx_word' id='word_1_89' title='bbox 958 1774 1024 1817; x_wconf 91' lang='lat' dir='ltr'><strong>uou</strong></span> <span class='ocrx_word' id='word_1_90' title='bbox 1044 1775 1121 1817; x_wconf 92' lang='lat' dir='ltr'><strong>con-</strong></span> 
     </span>
     <span class='ocr_line' id='line_1_14' title="bbox 41 1845 1121 1938; baseline 0.002 -23"><span class='ocrx_word' id='word_1_91' title='bbox 41 1851 208 1936; x_wconf 79' lang='lat' dir='ltr'><strong>trahuntur,</strong></span> <span class='ocrx_word' id='word_1_92' title='bbox 242 1852 311 1919; x_wconf 80' lang='lat' dir='ltr'><strong>vid.</strong></span> <span class='ocrx_word' id='word_1_93' title='bbox 337 1857 367 1938; x_wconf 66' lang='grc' dir='ltr'><strong>ξ.</strong></span> <span class='ocrx_word' id='word_1_94' title='bbox 391 1855 445 1922; x_wconf 98' lang='grc'><strong>24.</strong></span> <span class='ocrx_word' id='word_1_95' title='bbox 500 1845 576 1917; x_wconf 85' lang='grc' dir='ltr'>Νοιι</span> <span class='ocrx_word' id='word_1_96' title='bbox 600 1851 790 1917; x_wconf 87' lang='lat' dir='ltr'><strong>coalescunt</strong></span> <span class='ocrx_word' id='word_1_97' title='bbox 813 1851 944 1916; x_wconf 88' lang='lat' dir='ltr'><strong>vocales</strong></span> <span class='ocrx_word' id='word_1_98' title='bbox 967 1852 1002 1916; x_wconf 92' lang='lat' dir='ltr'><strong>in</strong></span> <span class='ocrx_word' id='word_1_99' title='bbox 1027 1855 1121 1917; x_wconf 79' lang='lat' dir='ltr'><strong>‹laa-</strong></span> 
     </span>
     <span class='ocr_line' id='line_1_15' title="bbox 36 1947 1121 2047; baseline 0.003 -32.053"><span class='ocrx_word' id='word_1_100' title='bbox 36 1951 107 2030; x_wconf 84' lang='grc' dir='ltr'><strong>λός,</strong></span> <span class='ocrx_word' id='word_1_101' title='bbox 138 1977 205 2044; x_wconf 91' lang='lat' dir='ltr'><strong>quo</strong></span> <span class='ocrx_word' id='word_1_102' title='bbox 228 1947 379 2047; x_wconf 81' lang='lat' dir='ltr'><strong>Sophron</strong></span> <span class='ocrx_word' id='word_1_103' title='bbox 403 1955 583 2021; x_wconf 89' lang='lat' dir='ltr'><strong>secundum</strong></span> <span class='ocrx_word' id='word_1_104' title='bbox 604 1953 661 2020; x_wconf 88' lang='lat' dir='ltr'><strong>Et.</strong></span> <span class='ocrx_word' id='word_1_105' title='bbox 685 1953 733 2020; x_wconf 87' lang='lat' dir='ltr'><strong>M.</strong></span> <span class='ocrx_word' id='word_1_106' title='bbox 758 1951 839 2036; x_wconf 87' lang='grc'><strong>246,</strong></span> <span class='ocrx_word' id='word_1_107' title='bbox 863 1954 905 2018; x_wconf 88' lang='grc'><strong>36</strong></span> <span class='ocrx_word' id='word_1_108' title='bbox 935 1978 1065 2042; x_wconf 76' lang='lat' dir='ltr'><strong>proc</strong></span> <span class='ocrx_word' id='word_1_109' title='bbox 1027 1955 1121 2029; x_wconf 81' lang='grc' dir='ltr'><em>δαιὸς</em></span> 
     </span>
     <span class='ocr_line' id='line_1_16' title="bbox 36 2055 1120 2164; baseline 0.005 -49"><span class='ocrx_word' id='word_1_110' title='bbox 36 2076 104 2120; x_wconf 84' lang='lat' dir='ltr'><strong>usus</strong></span> <span class='ocrx_word' id='word_1_111' title='bbox 123 2068 192 2142; x_wconf 85' lang='lat' dir='ltr'><strong>est,</strong></span> <span class='ocrx_word' id='word_1_112' title='bbox 217 2068 250 2123; x_wconf 93' lang='lat' dir='ltr'><strong>et</strong></span> <span class='ocrx_word' id='word_1_113' title='bbox 272 2055 407 2134; x_wconf 73' lang='grc' dir='ltr'><strong>ἀείδω,</strong></span> <span class='ocrx_word' id='word_1_114' title='bbox 445 2067 481 2121; x_wconf 87' lang='grc' dir='ltr'><strong>ιιι</strong></span> <span class='ocrx_word' id='word_1_115' title='bbox 502 2057 645 2164; x_wconf 76' lang='lat' dir='ltr'><strong>Lysistr.</strong></span> <span class='ocrx_word' id='word_1_116' title='bbox 672 2056 775 2138; x_wconf 89' lang='grc'><strong>1243,</strong></span> <span class='ocrx_word' id='word_1_117' title='bbox 810 2079 894 2146; x_wconf 89' lang='lat' dir='ltr'><strong>quae</strong></span> <span class='ocrx_word' id='word_1_118' title='bbox 917 2078 1014 2122; x_wconf 87' lang='lat' dir='ltr'><strong>voces</strong></span> <span class='ocrx_word' id='word_1_119' title='bbox 1039 2057 1120 2121; x_wconf 89' lang='lat' dir='ltr'><strong>autl-</strong></span> 
     </span>
     <span class='ocr_line' id='line_1_17' title="bbox 34 2131 744 2274; baseline 0.003 -55"><span class='ocrx_word' id='word_1_120' title='bbox 34 2157 130 2242; x_wconf 88' lang='lat' dir='ltr'><strong>quitns</strong></span> <span class='ocrx_word' id='word_1_121' title='bbox 152 2159 346 2274; x_wconf 78' lang='lat' dir='ltr'><strong>digamma</strong></span> <span class='ocrx_word' id='word_1_122' title='bbox 336 2170 546 2224; x_wconf 78' lang='lat' dir='ltr'><strong>rutel-sertum</strong></span> <span class='ocrx_word' id='word_1_123' title='bbox 559 2131 744 2226; x_wconf 85' lang='lat' dir='ltr'><strong>habehant.</strong></span> 
     </span>
    </p>
   </div>
   <div class='ocr_carea' id='block_1_5' title="bbox 33 2285 1121 2480">
    <p class='ocr_par' dir='ltr' id='par_1_5' title="bbox 33 2285 1121 2480">
     <span class='ocr_line' id='line_1_18' title="bbox 106 2285 1121 2377; baseline 0.004 -25"><span class='ocrx_word' id='word_1_124' title='bbox 106 2313 169 2365; x_wconf 84' lang='lat' dir='ltr'><strong>ao,</strong></span> <span class='ocrx_word' id='word_1_125' title='bbox 204 2313 290 2372; x_wconf 72' lang='lat' dir='ltr'><strong>noo,</strong></span> <span class='ocrx_word' id='word_1_126' title='bbox 326 2312 418 2365; x_wconf 83' lang='lat' dir='ltr'><strong>nov,</strong></span> <span class='ocrx_word' id='word_1_127' title='bbox 450 2311 502 2350; x_wconf 86' lang='grc' dir='ltr'><strong>αω</strong></span> <span class='ocrx_word' id='word_1_128' title='bbox 532 2286 567 2351; x_wconf 88' lang='lat' dir='ltr'><strong>in</strong></span> <span class='ocrx_word' id='word_1_129' title='bbox 590 2285 810 2353; x_wconf 80' lang='lat' dir='ltr'><strong>declinatione</strong></span> <span class='ocrx_word' id='word_1_130' title='bbox 832 2297 864 2352; x_wconf 91' lang='lat' dir='ltr'><strong>et</strong></span> <span class='ocrx_word' id='word_1_131' title='bbox 886 2286 1121 2377; x_wconf 72' lang='lat' dir='ltr'><strong>conjugatione</strong></span> 
     </span>
     <span class='ocr_line' id='line_1_19' title="bbox 33 2388 1059 2480; baseline 0.005 -29"><span class='ocrx_word' id='word_1_132' title='bbox 33 2411 149 2480; x_wconf 86' lang='lat' dir='ltr'><strong>semper</strong></span> <span class='ocrx_word' id='word_1_133' title='bbox 171 2391 377 2473; x_wconf 89' lang='lat' dir='ltr'><strong>coalescunt,</strong></span> <span class='ocrx_word' id='word_1_134' title='bbox 400 2388 626 2478; x_wconf 89' lang='lat' dir='ltr'><strong>plerumque</strong></span> <span class='ocrx_word' id='word_1_135' title='bbox 616 2413 652 2454; x_wconf 92' lang='grc' dir='ltr'><strong>ιιι</strong></span> <span class='ocrx_word' id='word_1_136' title='bbox 674 2389 833 2478; x_wconf 87' lang='lat' dir='ltr'><strong>reliquis,</strong></span> <span class='ocrx_word' id='word_1_137' title='bbox 856 2388 925 2456; x_wconf 85' lang='lat' dir='ltr'><strong>vid.</strong></span> <span class='ocrx_word' id='word_1_138' title='bbox 950 2390 981 2472; x_wconf 65' lang='grc' dir='ltr'><strong>ἓ.</strong></span> <span class='ocrx_word' id='word_1_139' title='bbox 1004 2393 1059 2458; x_wconf 88' lang='grc'><strong>24.</strong></span> 
     </span>
    </p>
   </div>
   <div class='ocr_carea' id='block_1_6' title="bbox 16 2512 1188 4240">
    <p class='ocr_par' dir='ltr' id='par_1_6' title="bbox 16 2512 1188 4240">
     <span class='ocr_line' id='line_1_20' title="bbox 102 2512 1120 2607; baseline 0.003 -25"><span class='ocrx_word' id='word_1_140' title='bbox 102 2542 146 2582; x_wconf 75' lang='grc' dir='ltr'>ια</span> <span class='ocrx_word' id='word_1_141' title='bbox 174 2519 211 2583; x_wconf 90' lang='lat' dir='ltr'><strong>iu</strong></span> <span class='ocrx_word' id='word_1_142' title='bbox 234 2516 453 2582; x_wconf 86' lang='lat' dir='ltr'><strong>declinatione</strong></span> <span class='ocrx_word' id='word_1_143' title='bbox 475 2512 570 2580; x_wconf 83' lang='lat' dir='ltr'><strong>tertia</strong></span> <span class='ocrx_word' id='word_1_144' title='bbox 592 2514 690 2580; x_wconf 88' lang='lat' dir='ltr'><strong>modo</strong></span> <span class='ocrx_word' id='word_1_145' title='bbox 710 2515 968 2583; x_wconf 86' lang='lat' dir='ltr'><strong>contractionem</strong></span> <span class='ocrx_word' id='word_1_146' title='bbox 990 2519 1120 2607; x_wconf 87' lang='lat' dir='ltr'><strong>patiun-</strong></span> 
     </span>
     <span class='ocr_line' id='line_1_21' title="bbox 29 2616 1122 2702; baseline 0.007 -22"><span class='ocrx_word' id='word_1_147' title='bbox 29 2627 90 2702; x_wconf 88' lang='lat' dir='ltr'><strong>tur,</strong></span> <span class='ocrx_word' id='word_1_148' title='bbox 113 2619 213 2687; x_wconf 90' lang='lat' dir='ltr'><strong>modo</strong></span> <span class='ocrx_word' id='word_1_149' title='bbox 234 2623 301 2686; x_wconf 81' lang='lat' dir='ltr'><strong>nou</strong></span> <span class='ocrx_word' id='word_1_150' title='bbox 324 2619 533 2701; x_wconf 87' lang='lat' dir='ltr'><strong>coalescunt,</strong></span> <span class='ocrx_word' id='word_1_151' title='bbox 555 2616 624 2684; x_wconf 85' lang='lat' dir='ltr'><strong>vid.</strong></span> <span class='ocrx_word' id='word_1_152' title='bbox 641 2616 740 2700; x_wconf 71' lang='lat' dir='ltr'><strong>§.au</strong></span> <span class='ocrx_word' id='word_1_153' title='bbox 785 2617 861 2684; x_wconf 85' lang='lat' dir='ltr'><strong>Non</strong></span> <span class='ocrx_word' id='word_1_154' title='bbox 884 2625 1122 2688; x_wconf 86' lang='lat' dir='ltr'><strong>contrahuntur</strong></span> 
     </span>
     <span class='ocr_line' id='line_1_22' title="bbox 29 2718 1121 2808; baseline 0.004 -22"><span class='ocrx_word' id='word_1_155' title='bbox 29 2723 150 2790; x_wconf 85' lang='lat' dir='ltr'><strong>uomina</strong></span> <span class='ocrx_word' id='word_1_156' title='bbox 173 2723 210 2788; x_wconf 90' lang='lat' dir='ltr'><strong>in</strong></span> <span class='ocrx_word' id='word_1_157' title='bbox 233 2746 268 2785; x_wconf 77' lang='lat' dir='ltr'><strong>aa</strong></span> <span class='ocrx_word' id='word_1_158' title='bbox 291 2719 493 2802; x_wconf 85' lang='lat' dir='ltr'><strong>desinentia,</strong></span> <span class='ocrx_word' id='word_1_159' title='bbox 523 2730 560 2784; x_wconf 95' lang='lat' dir='ltr'><strong>ut</strong></span> <span class='ocrx_word' id='word_1_160' title='bbox 582 2720 684 2802; x_wconf 76' lang='grc' dir='ltr'><strong><em>φακέα</em></strong></span> <span class='ocrx_word' id='word_1_161' title='bbox 706 2718 827 2808; x_wconf 87' lang='lat' dir='ltr'><strong>Epich.</strong></span> <span class='ocrx_word' id='word_1_162' title='bbox 854 2721 907 2797; x_wconf 95' lang='grc'><strong>17,</strong></span> <span class='ocrx_word' id='word_1_163' title='bbox 939 2726 1031 2786; x_wconf 75' lang='lat' dir='ltr'><strong>oculo</strong></span> <span class='ocrx_word' id='word_1_164' title='bbox 1053 2724 1121 2791; x_wconf 88' lang='lat' dir='ltr'><strong>He·</strong></span> 
     </span>
     <span class='ocr_line' id='line_1_23' title="bbox 27 2821 1121 2911; baseline 0.009 -27"><span class='ocrx_word' id='word_1_165' title='bbox 27 2825 96 2889; x_wconf 89' lang='lat' dir='ltr'><strong>racl.</strong></span> <span class='ocrx_word' id='word_1_166' title='bbox 120 2826 157 2903; x_wconf 94' lang='lat' dir='ltr'><strong>l,</strong></span> <span class='ocrx_word' id='word_1_167' title='bbox 180 2825 225 2892; x_wconf 89' lang='grc'><strong>24</strong></span> <span class='ocrx_word' id='word_1_168' title='bbox 252 2847 313 2911; x_wconf 91' lang='lat' dir='ltr'><strong>pro</strong></span> <span class='ocrx_word' id='word_1_169' title='bbox 336 2826 426 2905; x_wconf 79' lang='grc' dir='ltr'><strong><em>φακῆ</em></strong></span> <span class='ocrx_word' id='word_1_170' title='bbox 447 2835 481 2887; x_wconf 90' lang='lat' dir='ltr'><strong>et</strong></span> <span class='ocrx_word' id='word_1_171' title='bbox 503 2825 608 2899; x_wconf 83' lang='grc' dir='ltr'><strong>συκῆ..</strong></span> <span class='ocrx_word' id='word_1_172' title='bbox 639 2821 679 2886; x_wconf 92' lang='grc' dir='ltr'><strong>Ιιι</strong></span> <span class='ocrx_word' id='word_1_173' title='bbox 702 2823 873 2888; x_wconf 89' lang='lat' dir='ltr'><strong>nonnullis</strong></span> <span class='ocrx_word' id='word_1_174' title='bbox 893 2824 1121 2894; x_wconf 75' lang='lat' dir='ltr'><strong>vocibus&#39;Dn·</strong></span> 
     </span>
     <span class='ocr_line' id='line_1_24' title="bbox 28 2923 1120 3018; baseline 0.009 -33"><span class='ocrx_word' id='word_1_175' title='bbox 28 2923 66 2988; x_wconf 86' lang='lat' dir='ltr'><strong>ris</strong></span> <span class='ocrx_word' id='word_1_176' title='bbox 88 2937 202 2994; x_wconf 88' lang='lat' dir='ltr'><strong>contra</strong></span> <span class='ocrx_word' id='word_1_177' title='bbox 224 2925 527 3015; x_wconf 71' lang='lat' dir='ltr'><strong>vulgarislinguae</strong></span> <span class='ocrx_word' id='word_1_178' title='bbox 549 2947 645 2990; x_wconf 89' lang='lat' dir='ltr'><strong>usum</strong></span> <span class='ocrx_word' id='word_1_179' title='bbox 669 2925 854 3009; x_wconf 88' lang='lat' dir='ltr'><strong>contrahit,</strong></span> <span class='ocrx_word' id='word_1_180' title='bbox 879 2936 914 2990; x_wconf 94' lang='lat' dir='ltr'><strong>ut</strong></span> <span class='ocrx_word' id='word_1_181' title='bbox 937 2931 1015 3013; x_wconf 70' lang='grc' dir='ltr'><strong>κρῆ</strong></span> <span class='ocrx_word' id='word_1_182' title='bbox 1023 2955 1038 3003; x_wconf 83' lang='grc' dir='ltr'><em>ς</em></span> <span class='ocrx_word' id='word_1_183' title='bbox 1059 2951 1120 3018; x_wconf 89' lang='lat' dir='ltr'><strong>pro</strong></span> 
     </span>
     <span class='ocr_line' id='line_1_25' title="bbox 27 3026 1120 3116; baseline 0.005 -25"><span class='ocrx_word' id='word_1_184' title='bbox 27 3029 113 3110; x_wconf 72' lang='grc' dir='ltr'><strong><em>κρέας</em></strong></span> <span class='ocrx_word' id='word_1_185' title='bbox 135 3027 297 3095; x_wconf 84' lang='lat' dir='ltr'><strong>Doricum</strong></span> <span class='ocrx_word' id='word_1_186' title='bbox 319 3052 393 3093; x_wconf 91' lang='lat' dir='ltr'><strong>csse</strong></span> <span class='ocrx_word' id='word_1_187' title='bbox 414 3027 554 3093; x_wconf 90' lang='lat' dir='ltr'><strong>traditur</strong></span> <span class='ocrx_word' id='word_1_188' title='bbox 575 3050 593 3091; x_wconf 88' lang='lat' dir='ltr'><strong>a</strong></span> <span class='ocrx_word' id='word_1_189' title='bbox 615 3026 778 3114; x_wconf 78' lang='lat' dir='ltr'><strong>Gregorio</strong></span> <span class='ocrx_word' id='word_1_190' title='bbox 806 3051 839 3116; x_wconf 90' lang='lat' dir='ltr'><strong>p.</strong></span> <span class='ocrx_word' id='word_1_191' title='bbox 861 3027 945 3111; x_wconf 86' lang='lat'><strong>235,</strong></span> <span class='ocrx_word' id='word_1_192' title='bbox 979 3052 998 3093; x_wconf 92' lang='lat' dir='ltr'><strong>e</strong></span> <span class='ocrx_word' id='word_1_193' title='bbox 1020 3030 1120 3096; x_wconf 88' lang='lat' dir='ltr'><strong>diale-</strong></span> 
     </span>
     <span class='ocr_line' id='line_1_26' title="bbox 27 3129 1119 3228; baseline 0.005 -36"><span class='ocrx_word' id='word_1_194' title='bbox 27 3139 69 3194; x_wconf 80' lang='lat' dir='ltr'><strong>cto</strong></span> <span class='ocrx_word' id='word_1_195' title='bbox 104 3135 241 3228; x_wconf 67' lang='lat' dir='ltr'><strong>allertur</strong></span> <span class='ocrx_word' id='word_1_196' title='bbox 270 3130 310 3196; x_wconf 90' lang='lat' dir='ltr'><strong>ah</strong></span> <span class='ocrx_word' id='word_1_197' title='bbox 331 3129 477 3194; x_wconf 82' lang='lat' dir='ltr'><strong>Arcadio</strong></span> <span class='ocrx_word' id='word_1_198' title='bbox 505 3151 540 3218; x_wconf 94' lang='lat' dir='ltr'><strong>p.</strong></span> <span class='ocrx_word' id='word_1_199' title='bbox 566 3129 647 3211; x_wconf 89' lang='grc'><strong>126,</strong></span> <span class='ocrx_word' id='word_1_200' title='bbox 670 3131 691 3195; x_wconf 91' lang='grc'><strong>9</strong></span> <span class='ocrx_word' id='word_1_201' title='bbox 724 3140 756 3194; x_wconf 90' lang='lat' dir='ltr'><strong>et</strong></span> <span class='ocrx_word' id='word_1_202' title='bbox 785 3129 1002 3219; x_wconf 77' lang='lat' dir='ltr'><strong>Theognosto</strong></span> <span class='ocrx_word' id='word_1_203' title='bbox 1031 3132 1119 3198; x_wconf 85' lang='lat' dir='ltr'><strong>0xx.</strong></span> 
     </span>
     <span class='ocr_line' id='line_1_27' title="bbox 24 3229 1121 3324; baseline 0.005 -30"><span class='ocrx_word' id='word_1_204' title='bbox 24 3229 69 3309; x_wconf 91' lang='lat' dir='ltr'><strong>ll,</strong></span> <span class='ocrx_word' id='word_1_205' title='bbox 94 3234 181 3315; x_wconf 85' lang='grc'><strong>136,</strong></span> <span class='ocrx_word' id='word_1_206' title='bbox 206 3234 246 3317; x_wconf 88' lang='grc'><strong>2,</strong></span> <span class='ocrx_word' id='word_1_207' title='bbox 277 3243 310 3297; x_wconf 89' lang='lat' dir='ltr'><strong>et</strong></span> <span class='ocrx_word' id='word_1_208' title='bbox 329 3231 453 3320; x_wconf 76' lang='lat' dir='ltr'><strong>legitur</strong></span> <span class='ocrx_word' id='word_1_209' title='bbox 473 3232 619 3297; x_wconf 83' lang='lat' dir='ltr'><strong>Acheru.</strong></span> <span class='ocrx_word' id='word_1_210' title='bbox 642 3230 724 3312; x_wconf 85' lang='grc'><strong>761,</strong></span> <span class='ocrx_word' id='word_1_211' title='bbox 757 3253 822 3319; x_wconf 92' lang='lat' dir='ltr'><strong>quo</strong></span> <span class='ocrx_word' id='word_1_212' title='bbox 847 3243 972 3320; x_wconf 85' lang='lat' dir='ltr'><strong>spectat</strong></span> <span class='ocrx_word' id='word_1_213' title='bbox 995 3233 1121 3324; x_wconf 77' lang='lat' dir='ltr'><strong>Grego-</strong></span> 
     </span>
     <span class='ocr_line' id='line_1_28' title="bbox 22 3331 1188 3426; baseline 0.006 -30"><span class='ocrx_word' id='word_1_214' title='bbox 22 3334 106 3417; x_wconf 88' lang='lat' dir='ltr'><strong>rius,</strong></span> <span class='ocrx_word' id='word_1_215' title='bbox 146 3334 267 3426; x_wconf 88' lang='lat' dir='ltr'><strong>Sophr.</strong></span> <span class='ocrx_word' id='word_1_216' title='bbox 292 3333 353 3416; x_wconf 84' lang='lat'><strong>51,</strong></span> <span class='ocrx_word' id='word_1_217' title='bbox 386 3331 527 3399; x_wconf 84' lang='lat' dir='ltr'><strong>Theocr.</strong></span> <span class='ocrx_word' id='word_1_218' title='bbox 552 3333 586 3411; x_wconf 90' lang='lat' dir='ltr'><strong>l,</strong></span> <span class='ocrx_word' id='word_1_219' title='bbox 613 3333 634 3406; x_wconf 93' lang='grc'><strong>6</strong></span> <span class='ocrx_word' id='word_1_220' title='bbox 666 3345 699 3397; x_wconf 88' lang='lat' dir='ltr'><strong>ct</strong></span> <span class='ocrx_word' id='word_1_221' title='bbox 720 3339 815 3415; x_wconf 80' lang='grc' dir='ltr'><strong>κριΞ,</strong></span> <span class='ocrx_word' id='word_1_222' title='bbox 852 3334 939 3422; x_wconf 90' lang='lat' dir='ltr'><strong>quod</strong></span> <span class='ocrx_word' id='word_1_223' title='bbox 961 3334 1121 3404; x_wconf 86' lang='lat' dir='ltr'><strong>Doricum</strong></span> <span class='ocrx_word' id='word_1_224' title='bbox 1186 3399 1188 3410; x_wconf 90' lang='grc'><strong>,</strong></span> 
     </span>
     <span class='ocr_line' id='line_1_29' title="bbox 20 3432 1117 3529; baseline 0.005 -30"><span class='ocrx_word' id='word_1_225' title='bbox 20 3459 87 3504; x_wconf 88' lang='lat' dir='ltr'><strong>csse</strong></span> <span class='ocrx_word' id='word_1_226' title='bbox 111 3461 174 3529; x_wconf 90' lang='lat' dir='ltr'><strong>pro</strong></span> <span class='ocrx_word' id='word_1_227' title='bbox 196 3437 274 3520; x_wconf 78' lang='grc' dir='ltr'><strong><em>κρέα</em></strong></span> <span class='ocrx_word' id='word_1_228' title='bbox 297 3435 481 3502; x_wconf 81' lang='lat' dir='ltr'><strong>traduntd.</strong></span> <span class='ocrx_word' id='word_1_229' title='bbox 502 3434 560 3501; x_wconf 85' lang='lat' dir='ltr'><strong>Gr.</strong></span> <span class='ocrx_word' id='word_1_230' title='bbox 584 3435 660 3511; x_wconf 88' lang='grc'><strong>243,</strong></span> <span class='ocrx_word' id='word_1_231' title='bbox 674 3435 715 3513; x_wconf 87' lang='lat' dir='ltr'><strong>h,</strong></span> <span class='ocrx_word' id='word_1_232' title='bbox 740 3434 799 3500; x_wconf 87' lang='lat' dir='ltr'><strong>Gr.</strong></span> <span class='ocrx_word' id='word_1_233' title='bbox 819 3432 858 3499; x_wconf 86' lang='lat' dir='ltr'><strong>C.</strong></span> <span class='ocrx_word' id='word_1_234' title='bbox 883 3436 958 3520; x_wconf 91' lang='grc'><strong>369,</strong></span> <span class='ocrx_word' id='word_1_235' title='bbox 980 3437 1117 3504; x_wconf 82' lang='lat' dir='ltr'><strong>Mearm.</strong></span> 
     </span>
     <span class='ocr_line' id='line_1_30' title="bbox 19 3527 1119 3630; baseline 0.001 -26"><span class='ocrx_word' id='word_1_236' title='bbox 19 3537 97 3624; x_wconf 83' lang='lat'><strong>659,</strong></span> <span class='ocrx_word' id='word_1_237' title='bbox 136 3563 321 3630; x_wconf 78' lang='lat' dir='ltr'><strong>quanquam</strong></span> <span class='ocrx_word' id='word_1_238' title='bbox 349 3561 427 3622; x_wconf 64' lang='lat' dir='ltr'><strong>apso</strong></span> <span class='ocrx_word' id='word_1_239' title='bbox 458 3538 615 3626; x_wconf 89' lang='lat' dir='ltr'><strong>scriptum</strong></span> <span class='ocrx_word' id='word_1_240' title='bbox 642 3548 730 3603; x_wconf 79' lang='lat' dir='ltr'><strong>extat</strong></span> <span class='ocrx_word' id='word_1_241' title='bbox 756 3537 876 3627; x_wconf 84' lang='lat' dir='ltr'><strong>Epich.</strong></span> <span class='ocrx_word' id='word_1_242' title='bbox 900 3527 961 3624; x_wconf 81' lang='grc'><strong>32,</strong></span> <span class='ocrx_word' id='word_1_243' title='bbox 996 3540 1072 3622; x_wconf 78' lang='grc' dir='ltr'><strong>βλ’</strong></span> <span class='ocrx_word' id='word_1_244' title='bbox 1053 3567 1119 3625; x_wconf 82' lang='grc' dir='ltr'><strong>ηρ,</strong></span> 
     </span>
     <span class='ocr_line' id='line_1_31' title="bbox 18 3639 1119 3729; baseline 0.004 -25"><span class='ocrx_word' id='word_1_245' title='bbox 18 3665 79 3728; x_wconf 89' lang='lat' dir='ltr'><strong>quo</strong></span> <span class='ocrx_word' id='word_1_246' title='bbox 103 3642 249 3708; x_wconf 82' lang='lat' dir='ltr'><strong>Alcman</strong></span> <span class='ocrx_word' id='word_1_247' title='bbox 271 3664 351 3707; x_wconf 85' lang='lat' dir='ltr'><strong>usus</strong></span> <span class='ocrx_word' id='word_1_248' title='bbox 374 3651 425 3708; x_wconf 89' lang='lat' dir='ltr'><strong>est</strong></span> <span class='ocrx_word' id='word_1_249' title='bbox 447 3665 506 3729; x_wconf 86' lang='lat' dir='ltr'><strong>pro</strong></span> <span class='ocrx_word' id='word_1_250' title='bbox 530 3642 657 3724; x_wconf 80' lang='grc' dir='ltr'><strong>δέλεαρ,</strong></span> <span class='ocrx_word' id='word_1_251' title='bbox 680 3639 749 3706; x_wconf 82' lang='lat' dir='ltr'><strong>vid.</strong></span> <span class='ocrx_word' id='word_1_252' title='bbox 772 3640 815 3717; x_wconf 93' lang='lat' dir='ltr'><strong>L.</strong></span> <span class='ocrx_word' id='word_1_253' title='bbox 839 3640 856 3705; x_wconf 95' lang='lat' dir='ltr'><strong>l</strong></span> <span class='ocrx_word' id='word_1_254' title='bbox 885 3641 919 3724; x_wconf 62' lang='grc' dir='ltr'><strong>ᾗ.</strong></span> <span class='ocrx_word' id='word_1_255' title='bbox 943 3641 964 3707; x_wconf 92' lang='grc'><strong>6</strong></span> <span class='ocrx_word' id='word_1_256' title='bbox 993 3653 1061 3707; x_wconf 85' lang='grc' dir='ltr'>ιιοι.</span> <span class='ocrx_word' id='word_1_257' title='bbox 1086 3643 1119 3726; x_wconf 89' lang='grc'><strong>6,</strong></span> 
     </span>
     <span class='ocr_line' id='line_1_32' title="bbox 17 3740 1121 3831; baseline 0.005 -26"><span class='ocrx_word' id='word_1_258' title='bbox 17 3742 138 3810; x_wconf 87' lang='lat' dir='ltr'><strong>deinde</strong></span> <span class='ocrx_word' id='word_1_259' title='bbox 171 3745 299 3822; x_wconf 75' lang='grc' dir='ltr'><strong>δι’λητα,</strong></span> <span class='ocrx_word' id='word_1_260' title='bbox 334 3740 424 3831; x_wconf 91' lang='lat' dir='ltr'><strong>quod</strong></span> <span class='ocrx_word' id='word_1_261' title='bbox 447 3740 626 3807; x_wconf 82' lang='lat' dir='ltr'><strong>Theocrito</strong></span> <span class='ocrx_word' id='word_1_262' title='bbox 648 3742 755 3825; x_wconf 86' lang='lat' dir='ltr'><strong>XXI,</strong></span> <span class='ocrx_word' id='word_1_263' title='bbox 779 3742 821 3809; x_wconf 90' lang='grc'><strong>10</strong></span> <span class='ocrx_word' id='word_1_264' title='bbox 849 3742 1014 3831; x_wconf 80' lang='lat' dir='ltr'><strong>probabili</strong></span> <span class='ocrx_word' id='word_1_265' title='bbox 1043 3768 1121 3810; x_wconf 87' lang='lat' dir='ltr'><strong>cnu-</strong></span> 
     </span>
     <span class='ocr_line' id='line_1_33' title="bbox 16 3843 1119 3934; baseline 0.004 -24"><span class='ocrx_word' id='word_1_266' title='bbox 16 3845 145 3928; x_wconf 81' lang='lat' dir='ltr'><strong>jcctura</strong></span> <span class='ocrx_word' id='word_1_267' title='bbox 166 3846 350 3913; x_wconf 85' lang='lat' dir='ltr'><strong>restitutum</strong></span> <span class='ocrx_word' id='word_1_268' title='bbox 372 3856 441 3927; x_wconf 90' lang='lat' dir='ltr'><strong>est,</strong></span> <span class='ocrx_word' id='word_1_269' title='bbox 466 3844 566 3930; x_wconf 75' lang='grc' dir='ltr'>διἰῃτι</span> <span class='ocrx_word' id='word_1_270' title='bbox 587 3845 680 3934; x_wconf 62' lang='lat' dir='ltr'><strong>apudx</strong></span> <span class='ocrx_word' id='word_1_271' title='bbox 693 3843 918 3932; x_wconf 72' lang='lat' dir='ltr'><strong>Hesychinm,</strong></span> <span class='ocrx_word' id='word_1_272' title='bbox 943 3846 1031 3933; x_wconf 87' lang='lat' dir='ltr'><strong>qnod</strong></span> <span class='ocrx_word' id='word_1_273' title='bbox 1050 3847 1119 3934; x_wconf 84' lang='lat' dir='ltr'><strong>jarn</strong></span> 
     </span>
     <span class='ocr_line' id='line_1_34' title="bbox 16 3944 1119 4035; baseline 0.005 -25"><span class='ocrx_word' id='word_1_274' title='bbox 16 3945 179 4015; x_wconf 85' lang='lat' dir='ltr'><strong>Doricum</strong></span> <span class='ocrx_word' id='word_1_275' title='bbox 200 3948 350 4030; x_wconf 83' lang='lat' dir='ltr'><strong>videtur,</strong></span> <span class='ocrx_word' id='word_1_276' title='bbox 384 3944 522 4023; x_wconf 80' lang='grc' dir='ltr'><strong>ὃελήτιον</strong></span> <span class='ocrx_word' id='word_1_277' title='bbox 544 3946 664 4034; x_wconf 89' lang='lat' dir='ltr'><strong>Sophr.</strong></span> <span class='ocrx_word' id='word_1_278' title='bbox 688 3945 754 4028; x_wconf 91' lang='grc'><strong>20,</strong></span> <span class='ocrx_word' id='word_1_279' title='bbox 790 3969 873 4035; x_wconf 85' lang='lat' dir='ltr'><strong>qnae</strong></span> <span class='ocrx_word' id='word_1_280' title='bbox 894 3971 959 4012; x_wconf 87' lang='lat' dir='ltr'><strong>vox</strong></span> <span class='ocrx_word' id='word_1_281' title='bbox 980 3972 1119 4015; x_wconf 87' lang='lat' dir='ltr'><strong>comme·</strong></span> 
     </span>
     <span class='ocr_line' id='line_1_35' title="bbox 17 4037 1117 4139; baseline 0.004 -27"><span class='ocrx_word' id='word_1_282' title='bbox 17 4062 165 4116; x_wconf 83' lang='lat' dir='ltr'><strong>moratur</strong></span> <span class='ocrx_word' id='word_1_283' title='bbox 195 4049 292 4115; x_wconf 83' lang='lat' dir='ltr'><strong>etiam</strong></span> <span class='ocrx_word' id='word_1_284' title='bbox 324 4049 363 4113; x_wconf 89' lang='lat' dir='ltr'><strong>ah</strong></span> <span class='ocrx_word' id='word_1_285' title='bbox 396 4037 581 4114; x_wconf 76' lang='lat' dir='ltr'><strong>llustathin¹</strong></span> <span class='ocrx_word' id='word_1_286' title='bbox 605 4048 709 4131; x_wconf 88' lang='grc'><strong>1721,</strong></span> <span class='ocrx_word' id='word_1_287' title='bbox 726 4049 757 4112; x_wconf 77' lang='grc'><strong>’1</strong></span> <span class='ocrx_word' id='word_1_288' title='bbox 792 4058 824 4112; x_wconf 83' lang='lat' dir='ltr'><strong>et</strong></span> <span class='ocrx_word' id='word_1_289' title='bbox 856 4047 1024 4139; x_wconf 75' lang='lat' dir='ltr'><strong>Hesychia</strong></span> <span class='ocrx_word' id='word_1_290' title='bbox 1057 4053 1117 4130; x_wconf 77' lang='lat' dir='ltr'><strong>(cl.</strong></span> 
     </span>
     <span class='ocr_line' id='line_1_36' title="bbox 17 4148 1121 4240; baseline -0.002 -22"><span class='ocrx_word' id='word_1_291' title='bbox 17 4154 137 4238; x_wconf 74' lang='grc' dir='ltr'>φρήτια</span> <span class='ocrx_word' id='word_1_292' title='bbox 174 4151 208 4216; x_wconf 91' lang='lat' dir='ltr'><strong>iu</strong></span> <span class='ocrx_word' id='word_1_293' title='bbox 235 4150 333 4217; x_wconf 89' lang='lat' dir='ltr'><strong>titulo</strong></span> <span class='ocrx_word' id='word_1_294' title='bbox 355 4149 497 4216; x_wconf 82' lang='lat' dir='ltr'><strong>Acreusi</strong></span> <span class='ocrx_word' id='word_1_295' title='bbox 528 4173 580 4214; x_wconf 87' lang='grc' dir='ltr'>ιιι.</span> <span class='ocrx_word' id='word_1_296' title='bbox 604 4149 661 4233; x_wconf 72' lang='grc'><strong>3),</strong></span> <span class='ocrx_word' id='word_1_297' title='bbox 695 4148 853 4228; x_wconf 78' lang='grc' dir='ltr'><strong><em>ἀλήτων</em></strong></span> <span class='ocrx_word' id='word_1_298' title='bbox 882 4173 943 4240; x_wconf 88' lang='lat' dir='ltr'><strong>pro</strong></span> <span class='ocrx_word' id='word_1_299' title='bbox 974 4150 1121 4217; x_wconf 68' lang='lat' dir='ltr'><strong>diachono</strong></span> 
     </span>
    </p>
   </div>
   <div class='ocr_carea' id='block_1_7' title="bbox 17 4249 1118 4450">
    <p class='ocr_par' dir='ltr' id='par_1_7' title="bbox 17 4249 1118 4450">
     <span class='ocr_line' id='line_1_37' title="bbox 17 4249 1118 4344; baseline 0.002 -28"><span class='ocrx_word' id='word_1_300' title='bbox 17 4255 49 4318; x_wconf 87' lang='lat' dir='ltr'><strong>ah</strong></span> <span class='ocrx_word' id='word_1_301' title='bbox 71 4257 191 4336; x_wconf 77' lang='grc' dir='ltr'>ἄλειαρ</span> <span class='ocrx_word' id='word_1_302' title='bbox 211 4253 359 4319; x_wconf 85' lang='lat' dir='ltr'><strong>lllrlntho</strong></span> <span class='ocrx_word' id='word_1_303' title='bbox 380 4251 467 4341; x_wconf 83' lang='lat' dir='ltr'><strong>apud</strong></span> <span class='ocrx_word' id='word_1_304' title='bbox 489 4252 612 4317; x_wconf 77' lang='lat' dir='ltr'><strong>Athen.</strong></span> <span class='ocrx_word' id='word_1_305' title='bbox 634 4253 685 4318; x_wconf 90' lang='lat' dir='ltr'><strong>XI</strong></span> <span class='ocrx_word' id='word_1_306' title='bbox 707 4278 741 4344; x_wconf 92' lang='lat' dir='ltr'><strong>p.</strong></span> <span class='ocrx_word' id='word_1_307' title='bbox 765 4252 837 4320; x_wconf 84' lang='lat'><strong>500.</strong></span> <span class='ocrx_word' id='word_1_308' title='bbox 860 4254 907 4337; x_wconf 82' lang='grc'><strong>1.,</strong></span> <span class='ocrx_word' id='word_1_309' title='bbox 938 4249 961 4332; x_wconf 77' lang='grc' dir='ltr'><em>ἦ</em></span> <span class='ocrx_word' id='word_1_310' title='bbox 969 4279 987 4338; x_wconf 82' lang='grc' dir='ltr'><em>ρ</em></span> <span class='ocrx_word' id='word_1_311' title='bbox 1009 4254 1118 4320; x_wconf 77' lang='lat' dir='ltr'><strong>Alcm.</strong></span> 
     </span>
     <span class='ocr_line' id='line_1_38' title="bbox 51 4382 920 4450; baseline -0.002 0"><span class='ocrx_word' id='word_1_312' title='bbox 51 4386 98 4450; x_wconf 95' lang='lat' dir='ltr'><strong>ll.</strong></span> <span class='ocrx_word' id='word_1_313' title='bbox 880 4382 920 4449; x_wconf 88' lang='grc'><strong>13</strong></span> 
     </span>
    </p>
   </div>
   <div class='ocr_carea' id='block_1_8' title="bbox 0 0 1362 4818">
    <p class='ocr_par' dir='ltr' id='par_1_8' title="bbox 0 0 1362 4818">
     <span class='ocr_line' id='line_1_39' title="bbox 0 0 1362 4818; baseline 0 7"><span class='ocrx_word' id='word_1_314' title='bbox 0 0 1362 4818; x_wconf 95' lang='lat' dir='ltr'><strong> </strong></span> 
     </span>
    </p>
   </div>
  </div>
 </body>
</html>
