2754 4818
224 377 301 456 562
529 367 705 448 Addende
728 385 765 460 ct
790 367 1029 474 Corrigenda.

226 575 379 646 codicum
410 571 476 642 ΑΒ
506 572 698 641 auetoritete
730 573 768 640 hn
801 571 1008 660 Πατροκλέας
1039 571 1161 642 motari
1194 583 1334 664 oporto,

226 703 415 772 quenquam
445 681 526 744 hnec
554 675 645 743 vorin
672 673 772 746 lectio
799 677 842 741 ed
873 675 980 742 solnm
1008 675 1152 767 primum
1180 698 1203 742 e
1230 679 1330 744 trihoe

225 781 312 852 locis
333 783 478 848 offertur.
523 778 656 847 Deinde
677 789 767 869 petet
787 801 908 846 nomen
928 781 1133 864 Πατροκλέας
1154 780 1330 848 Plutarcho

226 909 294 956 non
325 884 492 950 diversum
521 904 594 949 esse
624 885 866 967 αΠατροκλῆς.
935 881 1089 950 Ceterum
1113 887 1329 967 Πατροκλέας,

175 1029 177 1034 -
226 1011 326 1079 quem
347 985 630 1076 Wyttenhechins
660 985 749 1076 epod
776 984 1033 1074 Xenophontem
1062 985 1154 1052 nist.
1189 985 1253 1052 Gr.
1278 987 1331 1068 VI,

227 1091 261 1175 5,
283 1091 305 1158 8
326 1087 574 1156 commemorari
595 1085 698 1173 dicit,
738 1087 786 1153 ihi
807 1111 875 1154 non
896 1088 1081 1178 reperitur,
1119 1087 1182 1154 sed
1207 1095 1334 1170 Πατρο-

87 1199 93 1212 ’
227 1196 304 1270 κλῆς
325 1192 402 1274 vl,
425 1190 465 1273 5,
488 1189 542 1256 38.

309 1292 383 1360 dem
395 1291 497 1379 igitur
504 1290 824 1382 proeter‘Imroute'or
834 1290 982 1382 quinque
990 1289 1168 1358 nominoio
1177 1299 1276 1366 κλτας
1284 1316 1336 1358 ex-

225 1397 337 1464 euntis
350 1394 578 1483 cognovimns,
602 1417 686 1484 quoe
702 1394 790 1483 epud
804 1392 944 1484 Pupium
957 1392 1068 1460 omnin
1081 1393 1336 1462 desiderantur:

310 1495 595 1585 ’Δριστοκλέας
616 1497 773 1563 Achaeus
805 1495 846 1561 G.
870 1497 899 1560 l.
933 1519 985 1561 nr.
1010 1497 1084 1564 812.

307 1601 540 1686 Ἡρακλέας
568 1598 790 1666 Atheniensis
817 1597 860 1664 C.
884 1598 913 1664 Ι.
946 1622 999 1664 ιτ.
1023 1599 1088 1667 300
1117 1595 1179 1684 (de
1201 1598 1337 1666 senine

222 1705 392 1793 Ἡρακλῆς
418 1703 487 1770 vid.
512 1700 601 1770 Keil.
626 1701 725 1793 Spec.
749 1702 870 1768 Onom.
898 1724 934 1792 p.
957 1701 1026 1782 17).

308 1804 516 1888 Ἰφικλέας
539 1835 578 1868 =
598 1801 743 1890 Ἰφικλῆς
770 1802 898 1870 Scholl.
923 1802 1023 1868 Pind.
1042 1797 1145 1892 Pyd.
1169 1802 1227 1868 XI
1252 1814 1334 1873 extr.
1370 1869 1371 1876 ,

222 1905 309 1978 Nem
329 1907 535 1976 Bocchhiom
567 1930 634 1973 non
664 1918 753 1974 recte
776 1906 961 1998 genitivum
981 1904 1125 1990 Ἰφικλέα
1145 1907 1333 1995 expulisse,

220 2011 297 2104 ipso
319 2009 548 2099 Gottingensis
570 2009 697 2077 codicis
720 2009 820 2077 Icctio
843 2007 950 2076 docet.

310 2113 579 2199 Πατροκλέας
601 2143 641 2173 ==
666 2114 857 2197 Πατροκλῆς
878 2111 1048 2178 Plutarch.
1073 2109 1114 2177 de
1136 2109 1177 2177 S.
1196 2112 1245 2179 N.
1267 2113 1311 2178 V.

307 2223 340 2284 A
348 2213 553 2298 αμοκλέας
561 2263 572 2294 ,
611 2215 709 2302 cujus
745 2214 910 2302 genitivus
940 2215 1111 2297 Λαμοκλέα
1139 2215 1272 2307 legitur
1297 2217 1332 2282 in

221 2318 319 2387 titulo
342 2317 536 2400 Tithorensi
559 2339 611 2384 nr.
634 2319 657 2387 2
677 2315 768 2383 IIns.
792 2317 902 2383 Rhen.
925 2317 973 2400 II,
998 2316 1093 2384 1843.
1129 2341 1167 2408 p.
1193 2319 1272 2386 554.

307 2417 405 2488 Adeo
432 2417 573 2488 ¹sextum
609 2419 681 2508 ejus
719 2419 851 2508 generis
881 2443 1003 2487 nomen
1029 2421 1131 2511 idque
1160 2422 1331 2490 Thessnhi·

221 2547 297 2592 com
320 2523 458 2590 hebebis
479 2522 754 2607 Ἐρατοκλέας
775 2521 1116 2608 (ἰ.ι.Ἐρατοκλέας),
1148 2524 1181 2590 si
1202 2525 1242 2590 in
1265 2549 1330 2590 cor·

220 2626 369 2718 ruptione
390 2624 488 2692 titolo
503 2624 701 2692 'I'hesselico
723 2625 811 2692 nr.8
831 2623 917 2692 iIInd
937 2626 1114 2694 restituere
1134 2651 1244 2694 eosne
1265 2630 1329 2694 Ine

221 2731 282 2796 ris.
318 2727 453 2812 Quibus
476 2726 636 2817 exemplis
659 2749 762 2817 qnnm
783 2727 847 2794 hec
867 2749 975 2816 genus
995 2728 1233 2816 homonymiee
1255 2729 1328 2796 setis

219 2830 343 2898 Iirmeri
362 2829 534 2915 videntur,
556 2829 606 2894 rei
627 2829 804 2922 explicatio
825 2828 1123 2920 circumspiciendo
1144 2844 1224 2917 τοις
1258 2855 1329 2896 ιιι
1369 2813 1370 2840 ¹

220 2932 261 2999 de
273 2931 398 3000 Dorice
408 2931 534 3000 vocalis
546 2932 727 2999 montione
740 2955 842 3022 quom
856 2933 983 3022 relique
1003 2943 1073 3000 tum
1092 2934 1237 3022 genitivi
1249 2933 1330 3016 Ἰατ-

219 3035 306 3115 κλέα,
317 3032 486 3117 Λαμοκλέα
497 3043 530 3099 et
540 3031 709 3102 vocativus
723 3035 914 3124 Πατροκλέα
923 3046 1048 3103 vetem.
1072 3033 1260 3104 simini-e
1275 3058 1330 3101 en·

135 3181 139 3194 ·
216 3147 283 3205 tem
297 3137 508 3226 homonymis
520 3145 687 3228 spectetur
697 3136 733 3203 in
742 3137 915 3206 nonnullis
931 3137 1137 3220 nominihus,
1162 3164 1253 3229 quse
1267 3163 1326 3206 mo·

218 3241 262 3308 do
283 3240 320 3306 in
343 3263 394 3315 τος
414 3233 511 3306 modo
533 3239 570 3305 in
593 3263 648 3315 τας
668 3239 842 3307 terminate
862 3242 1032 3331 leguntur.
1075 3239 1123 3306 Ut
1144 3263 1327 3333 eponynne

99 3384 102 3394 ·
218 3341 455 3433 Lepreeternm
483 3340 582 3408 heros
611 3341 653 3408 eh
675 3342 848 3409 Athenaeo
870 3342 927 3428 X,
949 3343 1025 3410 4¹2.
1047 3342 1082 3420 A,
1108 3346 1265 3431 Λοκρούς
1283 3344 1324 3410 di·

216 3444 327 3528 citor,
357 3444 398 3510 eb
418 3441 563 3524 Aeliano
584 3442 629 3509 V.
652 3443 699 3510 II.
723 3444 761 3523 1,
784 3445 829 3512 24
849 3445 1018 3532 Λοπρέας,
1050 3454 1200 3536 umque
1222 3445 1325 3516 nomi·

215 3547 271 3614 nis
299 3547 404 3614 forme
432 3569 493 3636 per
513 3544 623 3612 varios
645 3569 742 3613 erens
764 3546 926 3614 declinate
948 3559 983 3615 et
1002 3547 1167 3615 Iihrorum
1190 3549 1323 3620 actori

214 3659 282 3716 tete
316 3647 395 3717 setis
427 3648 580 3732 firmem
622 3648 743 3716 deinde
774 3648 860 3715 idem
892 3649 1112 3737 Corinthius,
1154 3647 1320 3722 Animae·

214 3750 331 3836 Iilins,
368 3752 427 3842 qni
447 3749 537 3841 epod
558 3749 790 3840 Thucydidem
811 3752 852 3838 1,
875 3751 919 3820 60
939 3775 1015 3844 sqq.
1038 3764 1073 3818 et
1092 3753 1154 3838 11,
1177 3755 1225 3822 67
1244 3755 1318 3836 'Apt-

218 3852 307 3930 σττύς
328 3853 439 3938 cudit,
470 3851 640 3922 Herodoto
662 3852 751 3939 Vll,
776 3854 839 3922 137
860 3865 911 3924 est
931 3854 1095 3941 Ἀριστέας
1105 3883 1119 3935 ‚·
1159 3869 1312 3948 postem

214 3954 304 4024 iden
332 3954 542 4024 citharoedos
570 3954 706 4022 Atticos
732 3954 898 4041 Ἀμοτβτύς
924 3955 1048 4024 dicitur
1075 3957 1209 4027 Athen.
1229 3949 1310 4034 XII,
1368 3953 1369 3990 Ι

214 4058 291 4127 623.
316 4055 349 4123 Ι)
380 4069 414 4123 et
433 4057 828 4145 Aelian.11.nn.vl,
852 4060 894 4139 1,
928 4057 1096 4144 ’Δμοτβέας
1117 4057 1253 4128 Aeliu.
1271 4052 1311 4120 V·

214 4159 258 4228 II.
283 4159 358 4244 III,
381 4159 443 4244 30,
478 4161 571 4229 nolle
593 4161 798 4260 corruptelae
819 4162 1022 4253 suspicione»
1074 4161 1176 4231 Adeo
1197 4162 1313 4250 Grec*-

213 4262 288 4330 rins
315 4259 508 4354 Theoloffos
538 4261 644 4330 Anth.
683 4260 757 4330 1¹21.
788 4264 896 4352 VIII,
921 4265 964 4334 1⁷
995 4262 1113 4349 νομέας
1145 4263 1232 4332 dixit
1257 4279 1311 4354 pt·
