2726 4820
149 334 245 423 §.32
281 341 339 412 De
362 317 645 436 pronominibus
661 361 805 434 person.
825 351 862 410 et
878 362 1029 436 possess.
1068 339 1144 420 255

66 535 206 606 sidentur
235 545 300 610 sul
333 543 394 621 σε’,
429 541 483 608 vel
511 541 604 629 quod
626 539 769 610 similem
794 541 990 613 senteutiam
1012 543 1142 630 labent,

64 640 97 704 el.
117 641 214 708 Arist.
237 643 429 734 Lysistr.6
460 643 551 730 χαῖρ’
580 637 607 706 ui
638 646 813 722 Καλονίκη.
857 653 899 710 K.
931 650 984 710 uui
1015 645 1087 729 σύγ’
1119 642 1146 712 ὦ

62 746 244 828 Λυσιστράτη
287 762 319 814 ct
345 746 548 829 ,familiarem
580 746 711 813 Latinis
747 747 996 836 responsionem
1030 760 1069 814 et
1103 765 1145 817 tu

62 845 220 914 salveto.
264 849 339 916 lam
361 873 465 941 quum
486 849 587 937 vulgo
612 847 689 913 ἀλλά
710 876 759 914 τοι
780 849 863 932 αὐτῷ
886 852 1029 938 legatur,
1062 853 1145 940 opti·

60 947 94 1008 mi
111 948 186 1015 libri
207 952 367 1041 praebent
390 957 437 1017 τοὶ
460 951 556 1029 αὑτά,
585 951 644 1017 alli
665 956 812 1034 rosarium,
842 951 878 1014 τι)
901 952 997 1032 αὐτά,
1030 954 1065 1018 τι)
1089 955 1146 1018 αὐ-

58 1044 115 1125 uic,
136 1050 171 1114 ni
194 1052 287 1138 crisci,
310 1051 345 1120 sd
370 1053 464 1130 αὐτό,
488 1054 620 1120 codices
642 1065 725 1120 teste
747 1053 912 1122 Wartono
936 1055 1023 1137 αὐτᾳ.
1081 1057 1145 1124 lta·

58 1171 109 1236 quc
127 1151 306 1244 legendum
328 1179 402 1224 csse
423 1156 574 1222 videtote

89 1260 129 1318 A.
151 1260 265 1340 χαίρην
287 1255 386 1325 πολλὰ
408 1257 462 1324 τᾶν
485 1259 586 1345 ἄνδρα
614 1257 785 1344 Θυώνιχον.
824 1265 862 1324 Θ.
888 1257 965 1328 dttd
989 1265 1030 1326 tsi
1053 1261 1142 1346 αὐτᾷ,

87 1359 231 1442 Αἰσχίνα.
797 1359 802 1370 ’

55 1467 82 1518 ut
107 1457 182 1541 αὐτᾷ
213 1462 259 1528 sit
287 1487 347 1553 pro
378 1463 479 1540 αὕτως
510 1462 592 1545 (vid.
617 1461 650 1544 §-
673 1463 734 1541 44,
757 1461 814 1548 7)=
861 1489 939 1553 ugo
971 1491 1074 1534 vero
1106 1479 1145 1536 te

53 1555 133 1624 item
156 1585 204 1628 sc.
231 1567 399 1632 salvere
416 1566 561 1653 jubeo.
608 1563 761 1631 Ceterum
782 1589 848 1631 non
872 1569 966 1634 vulde
982 1595 1144 1662 repugno,

55 1659 167 1751 siquis
189 1667 286 1733 malit
319 1667 395 1734 oillei
423 1674 471 1736 rol
500 1667 579 1748 αὐτᾷ
605 1679 637 1732 ct
658 1668 699 1732 alr
719 1669 904 1734 accusativo
926 1669 962 1734 in
987 1674 1144 1752 dativum,

55 1761 151 1850 quiin
176 1769 376 1836 salutatione
398 1771 496 1836 etiam
520 1770 765 1852 usitatiorem,
800 1771 934 1838 transiri
957 1797 1023 1841 uon
1046 1800 1146 1865 aegre

51 1863 128 1932 leret.
174 1871 312 1938 Deinde
333 1873 369 1938 in
394 1873 550 1940 Cleobuli
570 1875 710 1965 epistola
732 1872 834 1962 Diog.
859 1873 970 1941 Laert.
997 1876 1025 1958 l,
1049 1875 1083 1959 6,
1102 1879 1145 1944 93

49 1964 115 2034 libri
134 1975 300 2062 praebent
321 1975 387 2059 πάρ
408 2002 458 2042 ros
479 1982 673 2059 βασοῦνται,
696 1975 755 2040 ιι6ἱ
778 1989 991 2042 correxerunt
1012 1976 1076 2063 πάρ
1095 2005 1143 2058 τυ,

50 2091 222 2166 quenquam
247 2078 436 2146 encliticam
458 2102 530 2144 cum
554 2079 797 2172 praepositione
815 2079 960 2168 jungere
974 2080 1031 2146 vix
1052 2081 1143 2148 licet.

48 2167 105 2240 Nec
129 2181 240 2269 magis
265 2181 345 2247 ferri
367 2192 475 2272 potest
502 2181 566 2267 πάρ
588 2182 643 2259 τύ,
681 2181 768 2272 qnod
791 2181 993 2248 Huelrnerus
1017 2184 1051 2248 in
1074 2185 1145 2250 Ad·

49 2273 149 2346 dendis
179 2283 381 2374 proposuit,
417 2308 518 2374 quum
548 2285 588 2350 dc
617 2284 653 2348 τύ
682 2309 749 2351 nou
778 2285 934 2352 enclitico
959 2287 1044 2351 nilril
1067 2312 1145 2354 con·

49 2387 117 2458 stet,
151 2387 214 2452 sed
239 2386 338 2454 etiam
361 2388 417 2454 hic
438 2389 483 2451 zn'
508 2386 609 2455 latere
639 2386 781 2454 videtur.
836 2389 928 2454 ldcm
954 2389 1145 2476 judicamus

46 2477 81 2546 dc
104 2487 161 2571 ἐγώ
193 2517 248 2556 τοι
273 2489 449 2572 ἀμυνοῦμαι
480 2490 514 2554 in
545 2489 686 2578 epistole
709 2490 883 2555 Periandri
904 2490 1006 2580 Diog.
1030 2492 1143 2569 Laert.

43 2582 72 2666 l,
93 2589 131 2673 6,
156 2592 244 2676 100,
280 2591 337 2657 uhi
359 2593 437 2658 item
458 2617 494 2656 τυ
516 2593 570 2658 vel
591 2590 626 2654 τύ
650 2591 864 2681 scripserunt.
918 2592 1090 2659 Postremo
1111 2594 1145 2659 in

40 2693 315 2786 apophthegmate
338 2693 478 2759 Charilli
500 2695 671 2761 Plutarch.
696 2719 730 2784 p.
757 2693 837 2777 189,
861 2695 918 2760 ubi
940 2695 1048 2762 editur
1070 2724 1147 2765 κατ--

40 2812 159 2861 εκτανον
183 2801 261 2881 τεῦ,
285 2809 341 2862 unt
361 2800 408 2861 tel
427 2809 483 2862 aut
503 2823 539 2860 τυ
560 2797 801 2863 restituendum
825 2809 886 2865 cst.
998 2822 1002 2842 ¹

112 2953 155 2992 τυ
192 2949 330 3015 semper
361 2926 552 2994 encliticam
581 2940 632 2995 cst
660 2940 743 2995 teste
772 2929 954 3020 Apollonio
983 2955 1016 3020 p.
1039 2929 1093 2998 68.
1117 2927 1145 2996 Β

37 3028 159 3096 et106.
189 3029 245 3114 Cp
290 3028 414 3117 legitur
442 3031 477 3096 in
506 3053 604 3096 versu
634 3036 690 3096 καί
709 3059 745 3096 τυ
769 3037 918 3114 φίλιππον
942 3031 1038 3110 ἔθηκε
1060 3033 1146 3122 apud

34 3127 280 3217 Apollonium,
304 3157 403 3222 quem
425 3134 578 3199 Alcmani
601 3133 840 3202 vindicavimus
865 3136 899 3200 in
921 3133 1009 3200 Mus.
1035 3135 1144 3200 Rhen.

35 3227 76 3296 Vl
98 3259 134 3324 p.
148 3236 245 3317 234,
269 3233 389 3322 Soplrr.
406 3237 459 3302 24.
482 3237 544 3319 74,
568 3236 687 3326 Epich.
711 3237 755 3306 2⁰
778 3237 870 3318 (libri
892 3242 975 3318 roi),
997 3239 1144 3302 Acharn.

30 3333 88 3402 696
111 3351 146 3404 et
172 3360 279 3427 saepe
300 3337 389 3425 apud
410 3338 636 3405 Theocritum.

85 3470 121 3545 c)
170 3465 293 3532 tertiae
313 3489 473 3556 personae

112 3599 150 3671 ἕ,
179 3592 277 3682 quod
300 3605 382 3661 teste
404 3595 588 3684 Apollonio
612 3622 644 3687 p.
660 3595 779 3662 107.A
801 3595 951 3662 dialectis
975 3619 1146 3660 commune

26 3709 85 3760 cst.
134 3695 224 3762 Hoc
246 3720 314 3770 non
336 3697 580 3785 produecltetur
601 3699 635 3764 in
659 3706 689 3762 st
704 3695 757 3784 ¹⁹).

110 3827 180 3889 νίν
215 3822 407 3889 encliticum
437 3823 561 3890 Dorice
590 3837 642 3890 cst
670 3848 729 3914 pro
759 3824 854 3913 cpico
882 3850 935 3905 pm
966 3825 1147 3891 secundum

23 3925 197 4016 Apollon.
228 3925 301 3992 108.
325 3927 369 3990 A.
416 3926 505 3992 Illud
535 3951 608 3992 cum
633 3925 802 3991 Sanscrito
833 3941 947 3991 enam
977 3926 1147 3991 confercn-

21 4027 100 4094 dum
128 4040 215 4111 cst,
251 4029 314 4094 lroc
337 4053 410 4094 curn
442 4033 565 4101 imam
589 4054 606 4094 u
629 4028 830 4093 nominativo
853 4027 888 4115 ej
899 4014 959 4092 ain
991 4027 1028 4110 (i.
1053 4053 1082 4093 e.
1107 4033 1145 4106 ἵν,

20 4128 60 4212 i).
111 4131 332 4222 Legitimum
350 4130 469 4220 Sophr.
484 4132 540 4214 63,
565 4131 689 4222 Epich.
698 4133 732 4214 9,
755 4157 814 4221 prro
828 4130 986 4196 ferninino
998 4133 1147 4210 Acharn.

18 4233 101 4320 741,
146 4245 190 4300 ut
226 4234 413 4300 omittamus
443 4237 554 4301 fontes
582 4235 693 4302 minus
725 4257 838 4322 puros.
894 4232 1041 4304 Plurelis
1067 4221 1148 4298 us'us
