2706 4818
191 231 289 374 §ll
344 285 399 358 De
421 313 442 356 o
464 309 485 358 a
508 282 719 362 Laconibus
739 283 779 356 in
801 313 821 376 ρ
841 297 992 358 mutato.
1090 279 1137 356 71
1234 281 1243 300 ⁸

74 484 241 553 laconicum
278 490 535 574 βορθαγορίσκος
570 488 656 578 apud
696 485 899 578 Hesychium
930 499 993 554 etc.
1024 497 1137 555 eontra

72 585 212 654 dialectum
232 603 373 679 peccent
393 614 517 675 necne,
538 591 625 655 haud
647 590 743 657 facile
766 591 999 659 affirmaverim.

134 689 297 758 Contraria
317 692 493 758 mutatione
514 701 597 758 teste
616 691 776 759 Strabone
796 693 882 760 Xlll
904 719 939 784 p.
950 694 1014 761 912
1035 691 1137 770 (unde

70 790 152 855 hausit
169 793 317 859 Eustath.
342 795 402 878 34,
423 793 480 876 29)
512 793 635 859 Rhodii
657 796 788 880 ἑρυθίβη
811 794 965 860 dixerunt
984 819 1044 885 pro
1065 796 1137 882 ἐρυ-

71 892 124 974 aaa
141 905 169 959 et
188 895 263 962 iude
285 895 478 987 Apollinem
497 895 687 985 Ἐρυθίβιον
708 895 924 986 appellarunt.

533 1109 566 1194 §t
599 1111 632 1180 8ο

272 1279 334 1330 lle
353 1291 369 1328 a
385 1287 410 1328 a
426 1275 637 1328 nunontuua
655 1277 696 1328 Ιιι
714 1295 730 1345 ρ
747 1279 902 1328 mutato.

131 1413 159 1486 1)
199 1416 352 1482 Lacones
375 1439 472 1506 saepe
496 1440 532 1492 σ,
567 1415 602 1480 in
625 1415 714 1482 exitu
736 1414 943 1504 potissimum
964 1416 1136 1482 vocabulo·

64 1535 137 1598 tum,
164 1515 200 1582 in
230 1543 250 1603 ρ
275 1527 417 1585 mutasse
439 1515 638 1606 grammatici
659 1541 701 1582 ne
723 1517 822 1582 verbo
844 1517 975 1606 quidem
997 1541 1136 1585 comme-

64 1630 189 1704 morant,
233 1643 422 1710 quanquam
451 1619 491 1686 de
526 1617 626 1685 simili
652 1617 806 1684 Eleorum
837 1631 870 1684 et
898 1619 1139 1690 Eretriensium

65 1739 134 1784 more
152 1722 230 1789 satis
252 1723 442 1812 frequentes·
461 1720 580 1788 testati.
633 1719 702 1786 Res
730 1729 837 1784 tamen
866 1720 1047 1786 certissima
1072 1733 1135 1808 est,

64 1841 224 1912 quanquam
254 1848 293 1890 ea
322 1824 455 1890 mutatio
484 1846 591 1914 neque
617 1822 653 1886 in
675 1820 780 1890 titulis
801 1821 976 1888 Laconicis
999 1847 1136 1913 usquam

64 1924 201 2010 reperitur
224 1932 353 2007 (contra
375 1923 466 1999 αὐτός
486 1924 522 1989 ἰιι
542 1923 709 1990 Leulciano
736 1947 787 1986 ιιι.
813 1921 894 2012 71),
920 1947 1027 2013 nequa
1048 1927 1136 2016 apud

62 2023 232 2094 Alcmanem
255 2051 362 2117 neque
388 2027 423 2091 in
445 2025 626 2114 Lysistnnta
644 2035 773 2114 praeter
796 2024 928 2090 unicum
950 2017 1136 2117 exemplum

64 2149 85 2188 ι.
102 2127 158 2196 988
184 2129 322 2218 παλαιόρ
352 2129 404 2195 vel
433 2126 542 2218 potius
571 2127 709 2211 παλεόρ,
752 2137 789 2198 ut
821 2125 963 2194 restituit
991 2127 1134 2194 Diodor-

63 2227 109 2294 lius
122 2235 147 2312 1)
154 2279 165 2316 ,
187 2233 232 2298 cf.
251 2231 396 2319 Hesyels.
419 2227 573 2314 παλαιόρ,
596 2227 714 2315 μωρὸς.
762 2227 884 2294 Contra
900 2229 1006 2294 multa
1027 2255 1134 2296 exem-

63 2331 104 2418 pla
120 2334 156 2400 ab
176 2333 347 2422 Hesychio
373 2329 489 2395 tradita
518 2339 613 2414 sunt,
658 2353 798 2420 quorum
826 2353 909 2420 quae
938 2334 1075 2400 certiora
1102 2345 1135 2400 et

62 2435 185 2518 graviora
204 2434 378 2516 videntur,
395 2432 465 2518 jam
487 2455 704 2522 apponemusa

125 2540 156 2618 2)
197 2535 429 2604 Nominativus
450 2533 573 2623 primae
594 2534 821 2602 declinationis
838 2561 909 2604 eam
924 2537 1134 2618 mutationem

61 2634 86 2700 'm
102 2639 147 2704 l1is
168 2637 330 2727 exemplis
351 2636 492 2727 potitura
740 2631 742 2646 ''

126 2738 413 2828 dusysdooso'to,
437 2739 455 2804 o‘
473 2743 662 2823 καταγελῶν·
685 2738 908 2832 Adamsscpro
921 2741 1131 2825 ἐπιγελαστής.

124 2845 310 2926 scottico,
332 2839 470 2920 πιθηκός
490 2839 578 2926 παρὰ
591 2839 745 2909 Λάκωσιν
766 2866 826 2933 pro
847 2845 989 2922 καλλίας,
1012 2843 1133 2936 dequo

62 2943 110 3012 vid.
130 2945 222 3015 Snid.
246 2955 279 3010 et
301 2943 431 3010 Hellad.
457 2943 640 3010 Chrestom.

186 3045 416 3116 Nominativus
437 3044 664 3112 declinationis
686 3046 846 3113 secundae
867 3044 903 3110 in
924 3047 996 3112 laisa

126 3147 324 3235 ἀδελφιόρ
347 3143 410 3233 (sic
432 3147 561 3237 corrigo
585 3147 768 3234 ἀδελιφήρ),
793 3147 943 3232 ἀδελφός·
966 3147 1129 3223 Λάκωνες.

127 3251 271 3338 dando,
296 3248 410 3326 ἀσκός·
434 3249 600 3324 Λάκωνες.

126 3352 319 3440 davum,
352 3351 543 3438 ἇγελάρχης,
577 3353 673 3430 ὁτῆς
694 3353 802 3438 ἀγέλης
822 3353 926 3440 ἄρχων
946 3353 1036 3427 παῖς·
1059 3349 1131 3416 Λά-

61 3479 145 3535 toute.

126 3565 270 3648 yoiooo,
291 3561 403 3643 γωνία·
426 3558 592 3632 Λάκωνες.

127 3665 326 3748 δαιδαῖχορ
356 3659 442 3740 (cod.
467 3655 652 3746 δαδώχωρ),
679 3660 786 3743 λυχνία
806 3679 867 3747 pro
890 3658 1042 3741 δᾳὸοῦχος
1061 3655 1127 3757 yid.

60 3758 83 3846 l·
100 3765 155 3852 25,
177 3768 211 3833 3.
229 3764 261 3829 d.

61 3910 296 3926 Ἢ

86 3995 108 4052 ll
137 3995 194 4048 vid.
221 3991 310 4049 Diod.
338 3993 431 4048 Praes.
461 3992 554 4045 Poett.
583 3989 664 4043 Scan.
696 3988 731 4042 ad
757 3990 825 4044 Eur.
853 3991 897 4046 El.
923 3993 974 4046 497
1003 4001 1030 4044 et
1056 3989 1129 4042 adde

61 4073 165 4149 Theogn.
198 4081 276 4136 Oxx.
301 4079 348 4146 11,
366 4081 414 4144 5⁰,
438 4081 471 4144 3,
489 4076 537 4132 ubi
557 4076 631 4129 inter
650 4073 808 4131 nominoio
827 4081 883 4138 tuoe
900 4086 1128 4133 commemoratur

61 4165 137 4228 aalide
152 4165 167 4222 ὅ
183 4166 316 4236 σκωπτής·
334 4167 439 4220 τίθεται
457 4166 484 4219 dd
502 4165 545 4215 aad
562 4163 605 4216 tut
621 4166 670 4216 τοῦ
685 4161 806 4232 ἄφρονος.
