2726 4820
333 347 367 436 §.
389 311 449 420 31.
503 347 559 418 De
586 341 846 466 numeraiibus.
1065 347 1144 424 979

138 550 314 632 τέτορες,
337 550 480 632 τέτορα
500 559 552 616 est
568 548 712 636 genuina
735 552 838 616 forma
857 551 978 618 Dorica
994 554 1035 638 ²),
1059 577 1143 641 quae

69 673 141 716 nuno
167 651 286 740 iegitur
317 652 351 716 in
381 651 504 716 tabulis
526 651 804 718 Heracleensihus
837 665 869 717 et
899 654 1021 744 Delph.
1046 655 1144 739 1000,

68 749 168 820 deiude
187 753 305 844 Epist.
329 755 391 822 100
413 755 484 835 his,
518 754 614 820 libris
636 755 799 823 Athenaei
829 766 861 819 et
883 756 1056 822 Eustathio
1079 757 1146 846 pri·

67 877 112 920 oro
128 859 198 922 loeo
218 860 367 939 τέτταρας
397 857 650 940 exhibentibus,
684 880 869 947 quanquam
902 861 989 923 launo
1017 861 1147 942 τέτορας

67 955 193 1026 voluisse
226 963 423 1051 appaream
467 961 570 1024 altero
600 961 674 1024 loeo
705 961 859 1027 meliores
894 962 975 1028 libri
1002 964 1147 1045 τέτταρας

66 1067 178 1147 tenent,
212 1063 315 1130 editio
337 1062 574 1152 Lugdunensis
606 1065 745 1148 τέτορας.
804 1065 904 1153 Apud
933 1064 1146 1130 Theocritum

65 1157 144 1238 xlv,
167 1164 208 1230 10
229 1165 362 1249 τετόρωτ
384 1177 454 1248 est,
488 1189 555 1230 non
578 1165 703 1232 Dorice
732 1169 889 1250 τέσσαρας
909 1168 979 1247 Χ1,
1004 1169 1043 1232 41
1074 1167 1147 1246 (ubi
1173 1187 1182 1198 ‘

64 1264 176 1332 codices
197 1269 295 1358 pauci
318 1268 449 1358 pejores
471 1269 617 1351 τέτταρας
638 1280 670 1334 et
687 1267 868 1356 τέτταρας),
891 1271 1033 1354 τέτταρες
1048 1270 1145 1347 XIV,

63 1363 106 1430 29.
144 1368 230 1438 Male
253 1371 429 1460 aliquoties
450 1371 536 1459 aptad
559 1367 733 1436 Timaanni
755 1373 895 1456 τέτταρες
915 1373 1075 1460 seriptum
1097 1385 1148 1438 est

63 1489 88 1552 P·
107 1469 155 1537 99.
177 1473 218 1538 B.
244 1473 306 1559 (1.,
339 1475 393 1542 99.
417 1473 466 1554 Β,
499 1473 571 1539 101.
599 1471 661 1554 0.,
694 1477 818 1539 tertius
847 1499 934 1538 nune
965 1473 1148 1564 Diotogeni

62 1567 140 1638 Stob.
163 1574 214 1641 Fr.
237 1575 375 1658 XLssl,
400 1575 463 1641 130
491 1576 612 1659 τέτορες
640 1573 797 1640 eTriue.
818 1576 1019 1642 restitutum.
1065 1577 1147 1646 vut-

63 1674 134 1758 garis
161 1679 267 1744 forma
296 1681 447 1760 τέσσαρες
480 1679 583 1742 semel
611 1676 736 1764 legitur
768 1678 803 1742 in
831 1677 933 1742 altera
961 1680 1146 1746 tabularum

62 1773 313 1846 Heracleensium
336 1778 383 1862 11,
407 1779 465 1855 50,
490 1801 619 1868 semper
640 1781 676 1843 iu
699 1775 808 1846 tirolis
829 1780 1086 1857 recentioribus,
1111 1795 1148 1846 ut

60 1875 163 1969 Dslph.
181 1881 279 1950 1702.
304 1881 399 1968 1704.
424 1883 529 1963 1705,
553 1883 711 1947 Tauroni.
737 1893 770 1948 st
791 1882 879 1972 apud
899 1883 1144 1948 Archimedem.

61 1978 193 2050 Ceterum
218 1985 262 2052 do
284 1986 414 2075 origiue
435 1985 552 2050 Dorici
577 1987 700 2066 τέτορες
721 1985 797 2050 vide
819 1987 862 2052 L.
887 1986 902 2049 l
931 1987 960 2068 ἕ.
986 1988 1046 2070 12,
1070 1988 1102 2052 3.

127 2115 243 2181 πέντε
271 2113 458 2198 ct.§.10,
485 2118 520 2194 1,
556 2119 592 2191 ἕξ
626 2113 784 2200 (intahb.
809 2115 943 2182 Heracl.
968 2117 1045 2193 Ρέξ,
1077 2113 1144 2196 vid.

59 2211 83 2292 ᾗ.
104 2215 137 2300 5,
165 2219 220 2302 2),
260 2217 375 2296 ἑπτά,
418 2215 520 2308 horsi
552 2218 653 2298 (tahh.
690 2217 824 2284 Heracl.
857 2219 937 2285 ὀκτώ
966 2219 998 2301 ᾗ.
1022 2221 1067 2302 4,
1097 2221 1144 2298 2),

60 2316 149 2383 ἑκτέα
177 2318 286 2406 (ἑκτέα
308 2319 399 2384 tahb.
426 2317 597 2404 Heracl.),
623 2321 718 2384 δέκα
748 2331 974 2411 praeterquam
997 2322 1032 2386 in
1055 2321 1146 2386 tabu-

59 2417 92 2483 lis
111 2421 388 2491 Heracleensibus
412 2445 430 2486 a
451 2421 580 2512 volgari
604 2424 730 2488 ratione
753 2421 837 2490 nihil
858 2425 1025 2490 differunt.

126 2553 190 2620 Pro
213 2556 324 2618 ἕνδεκα
345 2549 465 2640 legitur
488 2552 580 2613 δέκα
603 2549 640 2614 εἴ
644 2579 659 2624 ς
682 2543 805 2640 Delph.
832 2548 925 2618 1000.

128 2683 314 2748 δυώδεκα
340 2681 494 2770 autiquae
517 2679 655 2746 Doridis
685 2704 759 2744 esse
793 2679 888 2744 docet
911 2681 1146 2758 δαωδεκάττλαος

56 2782 82 2843 in
118 2786 214 2854 tituto
246 2784 399 2868 Bruttio3
442 2783 598 2846 δώδεκα
637 2793 745 2848 tumen
778 2807 796 2848 e
829 2783 1002 2858 δωδέκατος
1035 2784 1145 2856 Rbod.
1220 2787 1223 2804 ¹

54 2883 137 2966 2525,
159 2889 183 2954 h
205 2887 397 2974 colligitur3
434 2887 527 2949 δέκα
551 2885 617 2950 δύο
640 2885 748 2950 estin
772 2885 904 2951 Heracl.
929 2886 982 2964 ll,
1005 2887 1058 2953 53.

126 3019 195 3085 Pro
218 3021 319 3084 εἴκασα
348 3019 469 3084 multae
490 3011 633 3109 Doricae
664 3017 787 3088 formae
816 3028 919 3081 erant.
987 3015 1145 3082 Omnium

52 3120 271 3210 antiquissima
302 3132 354 3186 est
375 3123 541 3198 Fixnro,
589 3143 674 3207 quae
700 3130 789 3184 extat
818 3118 853 3181 in
881 3115 973 3182 tahh.
997 3119 1145 3201 Heroni,
1253 3185 1259 3192 ,

53 3218 166 3290 Laron.
194 3223 277 3290 1511
309 3235 341 3287 et
360 3223 395 3286 in
418 3224 554 3311 antiqno
576 3223 674 3286 titulo
696 3221 841 3308 Argivo,
878 3219 934 3285 athi
956 3228 1038 3284 Fran
1059 3245 1146 3285 rese·

51 3322 110 3409 993
137 3328 254 3418 perillo
282 3326 449 3391 recentior
474 3333 527 3390 ost
547 3328 731 3400 Friunra,
768 3347 852 3412 quae
876 3321 910 3386 in
932 3322 1145 3388 altera'tahu-

51 3426 146 3493 larum
169 3428 442 3494 Heracleensium
464 3428 651 3517 promiscue
674 3449 748 3491 cum
771 3425 829 3492 illa
853 3437 1049 3514 usurpatum
1082 3425 1147 3489 La·

50 3531 197 3598 sonitum
226 3533 385 3614 βεέκαττ
414 3531 500 3619 τρια]
524 3529 727 3618 Hesychiuru
750 3530 791 3594 ad
814 3537 950 3593 aetatem
972 3526 1075 3590 multo
1098 3525 1146 3590 iu·

49 3631 200 3701 seriorem
224 3632 385 3721 pertinet,
419 3632 486 3696 vid.
510 3632 542 3714 ξ.
569 3632 607 3715 5,
630 3634 663 3698 4.
719 3633 747 3696 Ε
772 3633 887 3698 formis
908 3632 1073 3719 digamma
1097 3653 1147 3693 ea·

49 3738 196 3802 rentibus
220 3733 449 3824 antiquissima
472 3736 674 3810 satiatura,
710 3734 749 3799 de
772 3759 836 3825 qua
857 3742 1018 3801 testantur
1039 3757 1145 3822 grana-

78 3987 104 4052 2)
141 3988 273 4042 Eustath.
296 3989 378 4051 1398,
400 3989 434 4039 13
458 3996 522 4054 post
548 3985 658 4054 priores
677 3983 842 4051 Epicharmi
864 3987 904 4036 fr.
919 3987 969 4038 100
991 3995 1086 4037 versus
1105 3986 1147 4036 αΙ-

46 4072 131 4141 iatos,
162 4075 216 4127 ubi
240 4075 368 4144 ’τέτταρας
389 4071 526 4142 scriptum
551 4085 611 4126 est:
648 4071 679 4125 τὸ
701 4074 825 4144 τέτταρας
843 4074 963 4142 Δωρικῶς
979 4074 1088 4158 (ithiva
1116 4065 1149 4124 αι’]

46 4157 138 4213 εὐθεῖα
158 4167 246 4214 uritur
263 4162 329 4236 παρ’
346 4159 473 4229 Ἡσιόδῳ,
499 4163 602 4229 quibus
622 4169 730 4230 spectat
747 4161 821 4230 Opp.
842 4161 895 4214 600
921 4155 984 4228 ᾗδὲ
1009 4159 1073 4228 γυνὴ
1096 4161 1146 4210 τέ-

44 4248 107 4322 τορ’
127 4247 225 4318 ἡβώοι.
