2746 4818
221 418 332 510 §44
367 422 425 494 De
447 417 632 494 adverbiis
654 419 726 494 1οοὶ
744 436 779 494 et
795 421 984 518 temporis.
1081 419 1154 500 ³71

54 622 118 690 698
140 624 177 688 αἵ
193 621 229 709 χ’
252 623 361 709 εὕρητε
381 650 432 688 πα
459 647 519 714 pro
549 651 612 709 πη,
642 649 729 702 ποις,
771 625 836 694 714
864 625 941 710 ἔγολν
970 628 1003 690 oo
1030 631 1158 711 καρυξῶ

55 725 265 792 Δικαιόπολιν
287 726 364 792 ὅπα
385 751 448 816 pro
471 726 674 794 exhortativo
705 726 802 801 ὅπως.

137 828 241 917 Apud
263 827 445 896 Pindarum
468 830 642 920 leguntur:
677 827 794 893 Icthm.
817 827 864 910 V,
888 826 931 894 56
955 854 1001 894 πα
1027 829 1157 898 encliti-

54 952 147 1014 cum,
184 930 248 994 ὅπα
273 929 502 1014 01.x1‚10.
527 930 565 996 11
597 935 808 1020 (utrumque,
840 929 907 998 uisi
929 929 1077 998 fallimur
1097 956 1157 1022 pro

54 1031 258 1100 exhortativo
280 1030 404 1116 ὅπως),
427 1031 510 1098 ibid.
536 1032 578 1101 58
598 1055 658 1122 pro
681 1031 788 1114 ὅπως,
810 1031 900 1120 quod
920 1031 1034 1098 codem
1055 1057 1158 1105 scuou

53 1133 250 1198 senteutiam
281 1135 469 1218 continuat,
502 1134 546 1202 N.
569 1135 708 1218 111‚24
736 1157 797 1224 pro
820 1134 903 1221 ὅπῃ,
936 1156 1156 1223 quorsum,

53 1231 192 1319 ᾇτολχος
214 1233 271 1298 01.
296 1234 367 1319 Vl,
389 1237 432 1304 23
454 1260 514 1328 pro
537 1239 580 1314 cic,⁸
600 1235 697 1322 τάχος
705 1263 717 1314 ,·
752 1239 875 1318 πολλᾷ
902 1259 964 1325 pro
984 1236 1158 1324 πολλαχόσε

52 1335 110 1403 01.
134 1335 239 1419 VIII,
262 1335 328 1420 233
350 1343 450 1403 πανιᾶ
471 1363 533 1430 pro
553 1337 653 1417 πάντη
675 1339 787 1427 'scope-

136 1436 239 1528 Apud
262 1437 478 1506 Theocritum
499 1443 579 1507 hacc
602 1450 697 1507 suute

138 1544 210 1622 πᾷ,
235 1564 313 1630 quo
334 1540 393 1625 n,-
412 1543 465 1610 19.
488 1543 566 1620 Vll,
589 1543 643 1609 21.
668 1540 735 1623 XI,
755 1542 807 1608 72.
852 1542 901 1606 Ito
924 1543 1037 1633 accipe
1060 1545 1156 1633 ctiam

49 1641 104 1727 II,
129 1642 147 1707 1
171 1646 218 1722 πᾷ
235 1668 290 1724 μοι
311 1647 360 1707 ταὶ
384 1643 503 1728 δάφναι
521 1655 554 1710 ct
573 1642 654 1721 XV,
676 1643 717 1710 33
741 1642 761 1706 ἆ
783 1640 861 1718 κλὰξ
880 1641 938 1718 τοὶς
958 1644 1092 1728 μεγάλας
1111 1653 1157 1730 uqi

49 1744 230 1828 λάρνακος,
265 1745 378 1811 codem
407 1769 526 1824 seusu,
561 1767 660 1836 quem
690 1767 789 1833 cupro
811 1743 847 1809 iu
868 1743 1013 1833 Lysim.
1037 1769 1069 1814 v.
1092 1749 1157 1816 989

48 1847 165 1914 iuccsc
187 1845 344 1912 diximus.

136 1975 189 2012 πα
211 1948 403 2014 encliticam
424 1946 453 2030 I,
477 1945 531 2014 59.
546 1947 600 2014 63.
624 1947 687 2033 IV,
710 1947 743 2014 3.
774 1949 852 2031 VII,
872 1948 1044 2034 149.151;
1066 1949 1155 2018 idom

47 2051 125 2136 XI,
149 2051 193 2119 28
223 2074 284 2140 pro
313 2078 362 2114 πω
391 2073 411 2115 c
438 2049 535 2114 libris
563 2050 802 2116 restituendum
832 2060 893 2120 cot.
950 2050 1005 2118 Dc
1026 2050 1156 2120 πολποκα

47 2153 128 2220 vide
153 2176 251 2241 supro
274 2176 325 2218 ur.
349 2153 381 2218 2.

136 2259 184 2336 τᾷ
192 2257 233 2318 λι
253 2255 309 2337 II,
332 2254 412 2333 191,
435 2255 525 2320 Iruc.
571 2256 744 2325 Praetereo
765 2282 785 2323 α
806 2255 974 2323 Mciuokio
995 2267 1155 2324 retentum

46 2371 101 2425 cst
123 2358 162 2441 I,
186 2359 249 2440 12,
284 2356 343 2422 ubi
364 2357 437 2447 ipsc
459 2357 494 2423 iu
516 2358 726 2426 annotatione
747 2360 827 2424 τεῖδι
856 2359 1021 2450 praefert,
1055 2370 1089 2426 ot
1110 2360 1155 2445 V,

45 2461 112 2546 67,
148 2459 209 2526 uhi
235 2459 315 2525 libri
343 2483 460 2526 omucc
480 2463 553 2537 τῆὸι
576 2472 631 2526 aut
651 2463 747 2524 τεῒνὸι
768 2461 888 2527 hahere
910 2459 1066 2528 videntur
1087 2463 1155 2530 vid.

45 2587 101 2628 ur.
117 2563 158 2646 1,
183 2562 303 2628 deiude
319 2562 366 2645 V,
391 2561 444 2628 59.
468 2561 533 2644 XI,
550 2562 634 2644 118,
658 2561 717 2626 ubi
739 2562 878 2627 formose
900 2587 919 2628 ο
942 2561 1040 2630 bonis
1060 2563 1156 2632 libris

43 2667 124 2744 κῆδε
145 2657 205 2729 out
225 2688 243 2729 c
266 2662 457 2749 conjecturo
479 2665 557 2728 ιεῖδι
577 2662 803 2754 reponendum
827 2673 901 2747 cot,
925 2687 1026 2752 quum
1048 2676 1156 2734 motus

45 2764 254 2856 significatio
276 2765 332 2834 vix
354 2765 434 2830 ferri
455 2763 560 2854 possit
582 2765 648 2832 vid.
673 2787 724 2830 ur.
748 2765 781 2831 2.

135 2872 262 2948 ταυιᾷ
289 2867 352 2953 ἔχει
372 2865 453 2949 XV,
477 2867 520 2936 18
548 2865 573 2931 i.
597 2889 627 2932 e.
661 2865 760 2942 οὕτως
782 2865 843 2954 ἔχει
865 2879 954 2934 recte
977 2892 995 2935 α
1018 2867 1158 2940 Reiskio

42 2995 63 3037 c
86 2968 267 3037 meliorum
288 2969 449 3036 librorum
472 2967 642 3058 vestigiis,
679 2968 737 3058 qui
766 2968 854 3034 ταῦτ’
882 2969 944 3056 ἔχει
971 2996 1033 3062 pro
1060 2971 1156 3040 ταῦτά

39 3073 77 3159 y’
103 3072 190 3158 ἔχει,
221 3072 363 3161 proponi
396 3070 545 3156 videtur,
580 3095 654 3136 unm
684 3071 847 3138 vocalium
875 3072 958 3137 ratio
987 3074 1023 3140 iu
1051 3077 1156 3152 τουτᾶ,

38 3173 145 3268 quod
167 3197 209 3239 cx
223 3173 422 3263 EpimcuicIc
437 3196 535 3262 supro
549 3197 601 3238 ur.
615 3175 638 3240 2
651 3173 845 3254 attulimus,
868 3174 1077 3244 incredibilis
1093 3186 1154 3244 cot.

139 3271 182 3359 ᾇ,
214 3299 297 3366 quo
324 3276 431 3360 XIII,
454 3276 508 3343 79.
540 3275 637 3359 XIV,
661 3275 724 3359 423
758 3272 838 3355 ᾇιᾶ
860 3273 1015 3352 Λύκωνος
1036 3277 1092 3359 Il,
1114 3277 1158 3344 76

33 3383 64 3448 i.
86 3405 123 3446 c.
150 3401 266 3467 quam
288 3389 448 3468 portem
471 3401 640 3462 versus,
663 3377 742 3442 item
764 3375 801 3459 I,
825 3377 868 3441 22
890 3375 969 3458 ᾇπερ
993 3380 1010 3443 ὁ
1033 3382 1155 3455 θῶκος,
1224 3431 1227 3440 .

34 3485 80 3566 1,
110 3480 175 3562 13,
199 3479 244 3556 V,
268 3480 328 3548 191
353 3479 373 3561 ᾇ
394 3503 427 3544 τε
447 3481 578 3562 μυρῖκαι
600 3477 652 3565 (οι
675 3478 764 3546 cuim
788 3478 933 3568 genuina
956 3490 1007 3544 cst
1028 3479 1155 3560 lectio).

31 3584 118 3654 Sed
141 3581 193 3647 IV
195 3626 216 3662 ,·
230 3581 272 3648 33
296 3580 344 3664 (ιό
366 3583 539 3660 Λακίνιον,
566 3579 645 3663 ᾇπερ
668 3581 686 3644 ὁ
709 3579 827 3655 πύκτας
851 3582 958 3664 Αἴγων
980 3578 1157 3660 ὀγδώκοντα

30 3687 149 3772 μόνος
170 3685 375 3749 κατεδαίσατο
397 3681 536 3765 μάοδας)
560 3681 785 3750 necessarium
808 3683 936 3748 videtur
957 3683 1054 3765 εἴπερ.
1088 3683 1156 3749 Pro

29 3793 91 3866 αἷς
116 3784 229 3854 estin
252 3783 273 3865 ᾇ
294 3784 389 3870 τάχος
411 3783 510 3866 XIV,
530 3785 585 3852 68.

136 3891 271 3967 παντᾷ
291 3911 351 3976 pro
373 3886 471 3973 πάντῃ
496 3887 532 3968 1,
558 3883 611 3950 55.
642 3881 747 3968 VIII,
775 3883 828 3948 41.
861 3883 941 3968 XV,
964 3887 997 3952 6.

138 3988 371 4072 ἄλλᾳ11,6.
397 3991 478 4072 127,
501 3989 601 4055 οΙὶο.

140 4089 240 4170 αὐτᾷ
260 4089 285 4156 i.
301 4115 330 4158 e.
356 4089 480 4168 αὕτως,
504 4091 649 4160 codem
670 4086 812 4171 modo,
834 4089 1037 4155 restituimus
1058 4089 1156 4174 XIV,

21 4203 46 4268 1
84 4219 109 4260 e
133 4192 310 4258 meliorum
331 4191 491 4257 librorum
514 4189 667 4280 vcstigiis
689 4191 757 4258 vid.
782 4191 814 4275 ἓ.
839 4191 899 4258 32.
923 4191 954 4256 1.

136 4295 174 4376 9)
208 4294 379 4379 Postremo
399 4293 574 4377 omuibus,
599 4317 683 4382 quac
704 4293 741 4365 iu
765 4293 914 4364 fontibus
934 4290 1045 4360 minuo
1061 4291 1158 4364 ctiam

893 4423 955 4492 24.
