2716 4818
140 345 234 437 §.hl
260 349 318 422 De
335 349 567 446 correptione
589 347 819 448 syllabarum
838 335 1037 426 finalium.¹
1059 352 1133 430 179
1161 437 1164 442 ,

66 549 90 614 in
115 554 289 646 accusativis
319 555 424 640 otpts,
456 554 535 631 θεός
565 577 708 622 consona
731 583 748 621 ν
770 557 873 644 ejecta
896 570 968 642 est,
1004 559 1049 626 ita
1079 559 1147 627 hic'

64 650 140 720 altera
158 657 272 722 vocalis
294 657 416 724 omissa
439 657 545 723 videri
568 669 687 747 potest.

126 756 155 838 0)
193 759 323 826 Deinde
350 770 505 853 apparet,
540 783 607 825 non
636 760 792 826 omnihus
820 759 1043 831 Doriensihus
1074 768 1133 832 has

65 861 255 948 correptiones
279 884 382 949 aeque
405 859 542 926 usitatas
562 861 688 946 fnisse,
712 863 771 926 sed
793 863 933 929 maxime
953 868 1081 934 valchat
1102 869 1132 935 is

61 980 114 1024 nos
132 965 210 1052 apud
226 962 435 1036 Cretensium
458 963 657 1053 plerosque,
681 975 767 1030 certe
781 966 868 1054 apud
881 967 1131 1059 Hierapytnios,

60 1059 228 1150 Aderimus,
260 1064 430 1145 ArcadeS,
464 1063 651 1145 Cocceios,
686 1090 828 1156 quornm
858 1068 944 1136 tituli
973 1071 1134 1138 hahentur

58 1183 94 1227 nr.
104 1164 187 1230 2555.
199 1165 292 1233 2550.
304 1166 400 1232 2557.
413 1166 509 1234 2558.
530 1165 741 1242 30523053.
766 1171 810 1236 Α.
832 1170 869 1236 Β.
894 1171 950 1252 (de
970 1173 1131 1257 Olontiis,

57 1261 164 1349 Variis,
190 1267 297 1336 Latiis
320 1291 396 1334 mox
415 1255 621 1353 videbimds3
654 1270 695 1336 de
716 1271 854 1362 reliquie
877 1273 962 1340 nihil
983 1277 1132 1368 affirmari

56 1374 170 1453 potest),
197 1370 317 1437 deinde
340 1370 426 1460 apud
447 1368 654 1458 Cyrenaeos,
678 1372 765 1436 unde
788 1374 885 1439 etiam
908 1373 1131 1444 Callimachus
1209 1437 1212 1442 .

57 1463 216 1554 Cyrenaeus
232 1473 373 1540 rariores
389 1472 610 1562 correptiones
632 1473 665 1537 in
680 1472 811 1548 Μαλόες
824 1485 856 1539 et
872 1479 1037 1557 βιοπλανές
1052 1481 1130 1546 hau·

57 1568 119 1638 sisse
138 1575 241 1642 videri
263 1585 390 1664 potest,
412 1585 480 1639 tum
500 1573 588 1663 apud
603 1573 772 1640 Theraeos
787 1587 820 1640 et
836 1575 944 1659 (loos,
967 1577 1132 1669 postremo

57 1674 118 1758 tpod
144 1673 348 1767 antiquiores
377 1677 547 1768 Delphos,
580 1698 719 1763 quorum
751 1676 909 1742 dialectos
937 1678 971 1743 in
1002 1681 1131 1749 decreto

58 1769 307 1869 dnphictponico
336 1803 387 1846 ur.
413 1779 496 1846 1688
518 1777 739 1867 conspicitur,
775 1801 875 1866 quum
898 1779 932 1844 iu
955 1781 1130 1871 Delphicis

56 1871 135 1946 titulis
162 1880 403 1949 recentioribus
434 1905 485 1946 ner
503 1880 610 1946 ullum
638 1878 772 1967 quidem
801 1880 876 1966 ejus
905 1883 1005 1950 moris
1031 1885 1131 1950 vesti·
1227 1945 1230 1952 .

52 1974 121 2062 glum
142 1984 325 2072 detegatur.
370 1983 415 2049 Et
437 1982 523 2071 apud
545 1983 604 2046 hos
623 1981 775 2070 quidem,
799 2006 937 2071 quorum
955 1985 1130 2053 Cretenses

52 2089 74 2141 tt
91 2081 247 2172 Cyrenaei
277 2085 439 2152 severiore
468 2083 593 2149 Doride
623 2093 780 2167 utuntur,
813 2084 972 2168 Theraei,
1008 2087 1070 2154 Coi
1095 2101 1132 2153 et

49 2177 150 2272 Delphi
181 2187 334 2268 mitiore,
366 2185 527 2275 correptio
558 2185 851 2273 semper'valuisse
873 2187 1000 2254 videtur
1022 2191 1055 2254 in
1078 2213 1129 2255 ac·

49 2287 175 2358 cosatiro
198 2290 365 2356 secundae
388 2287 618 2354 declinationis
648 2295 699 2369 et,
732 2289 821 2378 quod
844 2313 884 2353 ex
905 2290 998 2356 illins
1020 2294 1130 2380 analo·

48 2385 89 2471 gis
107 2392 293 2480 colligitur,
317 2391 462 2483 primae,
484 2389 519 2454 iu
541 2389 735 2472 infinitivis,
758 2390 816 2478 qni
840 2393 945 2479 vulgo
959 2393 992 2458 in
1017 2419 1060 2458 ειν
1075 2417 1142 2458 ex·v

48 2503 125 2569 eunt,
159 2496 260 2587 etiam
282 2495 456 2560 verborum
478 2500 737 2573 contractorum,
770 2493 858 2558 etin
883 2495 1036 2560 secundis
1058 2519 1131 2585 per·

45 2594 120 2660 sonis
140 2596 175 2662 in
199 2622 247 2672 εις
269 2595 486 2677 excuntibus,
520 2613 560 2658 ne
583 2593 639 2658 hic·
658 2586 788 2681 quidem
813 2593 922 2660 verbis
944 2596 977 2660 in
1009 2621 1048 2660 εω
1077 2621 1130 2661 ex·

45 2698 142 2783 ceptis.
195 2697 283 2764 Nam
312 2721 395 2787 quae
418 2696 674 2762 accusativorum
697 2707 730 2760 ct
752 2695 984 2762 infinitivorum
1008 2693 1131 2764 ior-mne

43 2815 96 2861 uon
116 2810 287 2888 correptae
309 2793 464 2886 leguntur
490 2797 525 2861 in
553 2797 658 2864 titulis
688 2796 750 2878 iis,
777 2799 908 2886 -quihus
937 2801 987 2866 usi
1019 2825 1131 2867 snmus

43 2891 144 2978 (Ther.
166 2902 267 2969 2448.
291 2901 354 2983 IV,
376 2903 398 2968 9
420 2896 603 2984 λαμβάνειν,
633 2901 757 2988 Amph.
784 2899 886 2982 1688,
908 2901 951 2966 42
971 2899 1023 2964 hle
1045 2903 1129 2981 τούς,
1220 2929 1224 2946 ·

43 2995 118 3066 Cret.
141 3001 232 3070 2557
253 3002 422 3088 ὑπάρχειν,
447 3000 531 3090 3052
552 2999 625 3074 roric
646 2999 808 3076 somate).
841 3001 1053 3091 lapicidarum
1076 3016 1132 3068 aut

40 3097 287 3172 describentium
323 3103 438 3193 culpe,
476 3123 560 3190 quae
595 3112 644 3165 est
673 3101 804 3168 illorum
836 3102 1002 3167 titulorum
1037 3106 1130 3186 ratio,

40 3217 182 3297 corrupta
203 3207 325 3273 hahere
347 3218 380 3272 et
402 3206 480 3271 lieet
502 3217 534 3270 et
557 3215 708 3292 oportet,
742 3206 782 3268 de
812 3204 954 3268 secunda
977 3227 1129 3294 persona,

38 3329 110 3394 quae
132 3335 203 3376 non
226 3309 350 3399 legitur
371 3307 405 3371 iu
428 3305 553 3389 titulis,
584 3305 752 3371 Euststhii
773 3305 960 3372 testimonio
982 3307 1022 3371 ad
1044 3307 1131 3373 The·

38 3431 122 3477 raeos
144 3411 326 3502 pertinenti
349 3421 381 3475 ct
402 3408 555 3474 infinitivi
587 3407 758 3495 analogiae
786 3406 993 3473 confidimus.
1049 3410 1132 3475 Plus

36 3507 249 3582 dubitationis
281 3514 315 3578 iu
346 3510 483 3601 reliquis
515 3524 576 3576 est.
631 3508 913 3576 Nominativorum
943 3510 978 3574 in
1002 3535 1040 3584 ας
1061 3532 1131 3574 cor-

36 3615 133 3701 reptio
169 3616 206 3680 iu
238 3614 346 3680 titulis
377 3637 444 3677 nou
476 3621 628 3702 apparet,
668 3633 776 3699 neque
810 3611 844 3674 in
878 3610 994 3676 iisdem
1025 3611 1131 3676 nomi-

36 3715 132 3783 nativi
155 3705 343 3782 terminatio
366 3741 398 3790 ες
421 3737 481 3801 pro
504 3737 548 3788 εις
560 3712 734 3802 reperitur,
757 3723 868 3778 eontra
883 3711 917 3776 iu
933 3712 1034 3778 Ther.
1047 3715 1133 3780 2448

36 3825 78 3881 ter
100 3821 244 3899 αἱρεθείς
267 3818 353 3898 Vll,
376 3817 408 3884 0.
433 3813 534 3892 Vlll,
560 3816 590 3880 1.
616 3813 674 3896 16,
705 3837 812 3904 neque
833 3813 976 3879 alienum
999 3827 1050 3880 est
1068 3817 1132 3881 ihi·

35 3918 100 3984 dcm
125 3924 243 4002 prophete
264 3919 310 4000 ll,
338 3915 562 3998 11.v111‚5.
606 3915 755 3997 Deinde,
780 3939 879 4004 quum
902 3916 990 3999 ἱαρές
1009 3914 1044 3980 in
1067 3917 1132 4006 Cy·
1229 3983 1231 3986 ,

36 4023 177 4086 musicis
202 4023 244 4086 sit
266 4045 325 4110 pro
345 4021 456 4102 ἱερεῖς,
490 4017 663 4100 Πρεανσιές
684 4017 718 4080 in
744 4017 835 4082 Cret·
858 4015 942 4083 2556
964 4039 1024 4106 pro
1049 4025 1133 4104 Πρι-

36 4127 170 4199 acarde,
196 4123 228 4186 in
252 4122 366 4209 eodem
390 4123 492 4186 forma
516 4143 581 4184 non
605 4129 768 4218 eontracta
789 4119 977 4200 Hptonota'sc
997 4118 1131 4206 legitur,

36 4219 66 4284 in
87 4223 244 4290 Theraeo
266 4215 361 4290 2448.
385 4219 456 4304 lll,
481 4222 520 4286 11
548 4220 717 4303 ἀσφαλεῖς.
763 4218 890 4314 Vocusu
910 4220 944 4285 in
967 4247 992 4284 ot
1015 4222 1133 4310 geniti·

878 4349 937 4414 12·
1065 4347 1067 4352 ’
