2746 4818
215 351 292 430 334
557 401 560 408 -
587 351 644 426 Da
665 347 935 453 conjugatione.
1034 387 1037 396 ·

214 556 244 638 Ι,
266 553 309 621 58
330 552 387 618 raia
403 553 473 637 yria,
493 553 537 617 div
558 578 600 618 aa
620 553 710 620 αὐτοὶ
730 553 1082 639 μεμισθώσωνται
1102 556 1125 635 ἢ
1147 554 1306 641 doricum
1356 545 1357 570 ¹

212 657 242 734 al:
268 655 446 722 &attonat
461 701 481 739 a
511 657 615 747 quem
646 657 758 747 potius
791 658 950 724 aoristum
981 657 1123 749 primurn
1156 659 1307 750 appellare

214 761 346 848 oportet
364 784 385 825 a
403 760 550 848 perlecto
571 759 686 826 codem
709 760 807 826 modo
831 761 1039 842 derivatum,
1073 771 1110 826 ut
1137 762 1238 850 volgo
1265 763 1307 826 fu·

212 867 322 928 torum
354 862 506 943 tertium,
541 861 609 928 uisi
642 863 821 952 praci'cras¹
843 887 864 928 o
892 862 937 928 ita
958 861 1119 928 insertum
1141 873 1254 953 putare
1278 875 1308 928 ut

213 965 251 1030 ἰι
270 963 484 1048 modicatur,
507 975 564 1029 aut
584 963 667 1031 adeo
684 963 808 1029 aerarii
830 987 973 1029 errorcm
994 964 1170 1054 suspicari.

222 1066 538 1155 ...optativus
567 1065 754 1130 aPiudaro
776 1067 954 1156 usui-patus
981 1066 1039 1148 (fr.
1064 1065 1145 1152 277)
1176 1067 1308 1151 μεμναῖτο

213 1193 275 1260 pro
295 1173 429 1257 μεμνῇτο
458 1169 512 1236 vel
541 1171 677 1250 μεμνῷτυ
699 1166 844 1233 Doricus
875 1167 1059 1253 dicitur⁴l‚
1095 1170 1177 1237 satis
1204 1171 1308 1260 proba·

212 1273 337 1339 lilitcr.
617 1271 620 1278 ’
649 1295 653 1302 ’
708 1273 710 1280 '

268 1407 271 1434 ς
299 1370 439 1460 Reliqui
468 1369 644 1458 subjectivi
672 1370 762 1438 modi
792 1370 878 1439 nihil
900 1371 1028 1463 proprii
1049 1372 1173 1439 liabent
1193 1386 1309 1464 praeter

213 1476 342 1556 tertiam
354 1472 517 1564 pluralem
532 1474 731 1563 imperativi,
756 1475 796 1540 de
811 1499 877 1566 qua
896 1479 994 1563 supra
1010 1474 1155 1541 diximus
1168 1476 1202 1560 ἕ.
1219 1471 1270 1562 36,
1280 1479 1306 1542 4.

216 1617 225 1626 -
270 1575 335 1665 Ιλ’7)
377 1578 420 1641 lu
441 1573 698 1642 uniuersumdc
719 1579 860 1668 perfecti
882 1577 1115 1666 'conjugatione
1137 1578 1262 1644 Dorica
1279 1579 1307 1640 in

212 1680 480 1762 uanemttonon
499 1677 716 1764 judicandum
739 1692 801 1746 est.
833 1680 1021 1746 Perfectum
1037 1679 1072 1743 iu
1089 1679 1308 1771 antiquissima

213 1783 414 1849 Graecorum
436 1780 553 1870 lingua
571 1779 691 1847 iisdem
712 1781 782 1848 fer-c
800 1782 1090 1848 terminatiodibus
1112 1807 1213 1848 usum
1232 1807 1307 1864 esse,

213 1886 337 1977 quilius
368 1883 561 1973 conjugatio
588 1882 625 1947 iu
656 1909 710 1966 μι,
747 1883 924 1950 Homerica
956 1885 1119 1955 dialectus
1152 1885 1307 1976 patefacit.

215 1991 346 2058 Postea·
370 1986 473 2076 quum
500 1985 641 2075 perlecti
668 2007 750 2050 usar
778 1987 824 2051 ita
845 1999 1050 2076 propagatus.
1069 1999 1160 2052 essct
1181 1989 1309 2076 ejusque

212 2089 384 2173 formatio,
417 2089 455 2152 in
475 2085 667 2174 objectivo'
686 2088 822 2171 saltem,
854 2087 899 2153 ita
928 2093 1068 2173 mutata,
1102 2099 1139 2153 ot
1164 2090 1308 2179 antiquae

213 2189 463 2282 coujugationis
483 2190 567 2254 ratio
589 2200 645 2253 aut
667 2189 890 2256 obsolesceret
910 2200 967 2255 aut
988 2213 1030 2255 ne
1049 2202 1164 2282 posset
1185 2193 1307 2282 quidem

215 2294 357 2377 servari,
379 2293 516 2356 ¹factum
546 2301 615 2374 est,
650 2301 687 2356 ut
717 2291 833 2381 lingua
866 2292 947 2357 alias
979 2293 1151 2383 analogias
1183 2303 1307 2384 sequuta

212 2395 482 2464 terminationem
504 2393 665 2458 rationem
688 2404 838 2460 mutaret.
870 2392 918 2459 Ut
937 2395 1000 2460 alia
1014 2420 1103 2462 nuuc
1116 2395 1307 2478 omittamus,

211 2498 468 2586 conjunctivus,
505 2496 720 2587 imperativus
750 2507 783 2562 ct
815 2495 978 2586 optativus
1013 2497 1110 2562 etiarn
1142 2497 1180 2562 in
1208 2497 1308 2564 Attica

212 2601 329 2694 lingna
358 2599 695 2687 adcoujuga‘tioncm
723 2599 758 2664 in
790 2625 815 2662 ω
837 2598 1058 2685 transierunt,
1091 2599 1306 2691 illo-ubique,

211 2706 250 2770 hi
279 2702 432 2770 subinde.
476 2700 639 2767 Ulterius
667 2701 836 2792 progressi
859 2714 937 2766 suut
958 2709 1061 2792 quum
1082 2726 1198 2770 omnes
1219 2703 1307 2768 Dori·

214 2829 313 2874 enses
343 2805 412 2869 tum
442 2801 663 2891 Syracusani,
695 2803 753 2892 qui
781 2803 879 2868 etiam
908 2804 1109 2892 singularem
1131 2804 1306 2886 indicativi,

212 2905 434 2982 infinitivum,
464 2903 661 2971 femininum
683 2904 850 2993 participii
872 2917 905 2972 et
926 2907 1057 2974 tertiam
1076 2908 1239 2998 pluralem
1260 2909 1308 2974 ob·

208 3008 329 3098 jectivi
350 3006 533 3074 secundum
557 3005 649 3071 illam
671 3028 817 3072 normam
840 3009 1092 3074 conformarent.
1147 3009 1219 3074 Cur
1238 3010 1308 3077 reli-

213 3111 310 3204 quis,
334 3109 456 3199 plurali
477 3107 684 3198 potissimum
707 3107 879 3176 indicativi
903 3124 935 3176 et
952 3109 1118 3200 participii
1132 3115 1307 3182 masculino

212 3217 248 3281 in
281 3212 446 3299 objectivo
473 3211 569 3306 ctiam
594 3210 795 3300 Syracusani
825 3213 1044 3302 antiquiorem
1074 3213 1214 3279 formam
1241 3215 1308 3282 reli·

212 3315 366 3408 querint‚
391 3330 548 3414 quacrcrc
569 3314 625 3390 vix
646 3313 736 3379 lieet.
781 3314 971 3394 infinitivus
992 3325 1100 3381 tamen
1122 3337 1163 3381 ex
1184 3318 1308 3407 antiqua

213 3415 458 3514 conjugationis
487 3414 523 3480 in
552 3441 587 3496 μι
615 3415 811 3503 cognatione
832 3417 868 3482 iu
889 3413 1103 3484 Heracleensi
1124 3423 1308 3502 πεφυτευκῆ-

212 3547 266 3610 μεν
287 3533 321 3610 ct
341 3519 564 3586 Archimedeo
587 3517 781 3604 nanovdr'pav
802 3519 1064 3597 terminationem
1085 3545 1140 3604 μεν
1162 3523 1307 3599 servavit,

212 3624 319 3693 vocali
340 3633 450 3692 tamen
472 3621 607 3686 inserta.
661 3621 783 3700 Plura,
814 3642 903 3710 quac
924 3622 1070 3688 Atticam
1099 3646 1232 3714 quoque
1252 3625 1307 3692 lin·

216 3738 313 3816 gnato
335 3714 503 3816 tangant,'
524 3746 614 3788 nunc
641 3723 809 3813 disputare
837 3726 1013 3809 nolumus,
1048 3723 1108 3790 sed
1129 3727 1193 3792 lroc
1214 3749 1307 3792 nunu

218 3871 471 3904 ...,.,........“.....ι-...

246 3991 277 4053 4)
312 3988 360 4042 Et.
380 3988 419 4041 Μ.
438 3989 508 4054 579,
529 3991 553 4042 l.
587 3989 717 4055 μεμνέῳτο
743 4011 775 4043 ··.·
802 3981 923 4047 Ξενοφῶν
944 3987 972 4040 di
996 3990 1113 4055 μεμνῷτο
1135 3985 1200 4040 ἄνευ
1222 3989 1270 4042 τοῦ
1285 3996 1306 4035 r·

211 4074 323 4150 Κράτης
348 4076 376 4128 di
400 4079 538 4138 ornroiro·
575 4073 607 4126 τὸ
630 4076 658 4127 δὲ
680 4069 809 4138 ἀνάλογον
830 4077 943 4147 μεμνῇτο
966 4071 1013 4126 daci
1028 4077 1079 4127 τοῦ
1095 4077 1114 4144 ἢ
1133 4074 1305 4146 amaricabat

210 4167 260 4216 sci
280 4166 312 4215 ῖ·
351 4163 481 4234 Πίνδαρος
507 4162 535 4214 di
553 4158 736 4234 Aupvaoirrpov
759 4159 803 4212 dari
830 4165 879 4231 τῆς
902 4163 939 4214 a?
959 4162 1104 4226 μεμναὶατο
1121 4159 1220 4231 (sylb.
1237 4167 1306 4214 recte

211 4247 371 4305 emendarit
388 4251 543 4313 asarsual·
