2746 4818
311 401 343 493 §.
364 401 425 478 45.
473 403 532 474 De
550 399 667 476 variis
687 397 891 496 particulis.
1077 397 1153 476 383

131 605 226 672 lntcr
247 603 428 694 composite
458 603 538 668 ὅκκα
565 601 651 668 msle
680 625 700 667 α
728 603 950 689 grammaticis
964 607 994 684 ⁴)
1022 628 1062 671 cx
1093 605 1154 670 ὅκα

45 707 213 796 geminata
234 729 381 772 consone
403 717 510 772 ortum
530 704 724 795 putabatur,
748 727 809 771 nec
822 707 940 772 melius
952 706 1154 774 recentiores

46 810 183 900 qnidam
204 809 291 876 illud
314 817 401 874 certe
424 808 522 884 ὅκκα,
547 807 636 897 quod
660 806 810 874 ultimam
831 809 987 899 corripit,
1010 833 1071 899 pro
1094 811 1156 874 ὅκα

46 937 121 980 csse
144 911 394 992 existimarunt3
415 934 491 976 nam
514 899 531 973 κ’
554 911 591 976 in
612 935 649 976 en
671 933 752 976 voce
773 933 841 975 non
863 911 971 1000 magis
992 911 1156 1001 geminari

45 1024 158 1104 potest
180 1037 279 1102 quum
301 1013 336 1078 in
359 1011 462 1090 πόκα,
492 1011 588 1098 τόκα,
623 1013 740 1078 ὅλλοκα
769 1023 802 1078 et
830 1011 911 1078 ὅκκα
931 1037 992 1101 pro
1014 1014 1077 1078 ὅκα
1099 1041 1152 1091 κα,

46 1119 123 1182 ὅταν
157 1137 230 1181 esse
258 1115 333 1206 ipsc
360 1115 562 1181 constructio
592 1127 690 1204 atque
720 1115 883 1182 sententis
911 1115 1037 1206 ulsiqne
1060 1118 1156 1183 docet

45 1219 117 1286 vid.
143 1219 268 1287 Buttm.
298 1217 333 1282 ll
360 1240 394 1306 p.
418 1217 492 1284 370.
539 1217 643 1284 Recte
666 1219 726 1283 ὅκα
748 1228 780 1284 et
803 1218 884 1283 ὅκκα
906 1217 1155 1308 distinguuntur

44 1323 81 1386 in
108 1319 234 1411 glossis
256 1319 497 1407 Hesychicnisz
533 1319 587 1384 ὅκ’
615 1315 655 1408 ᾗ,
691 1316 786 1408 ὅτεῇ
815 1331 849 1386 et
878 1321 958 1386 ὅκκα
983 1321 1071 1396 αάζει
1093 1333 1105 1403 t
1126 1326 1154 1404 ),

45 1425 124 1490 ὅταν
141 1411 234 1510 ’τύχῃ
280 1419 354 1487 Jcm
376 1445 474 1503 vcro,
497 1421 591 1486 utin
615 1421 697 1486 ὅκκα
719 1421 897 1511 particulae
919 1423 955 1488 in
976 1447 1075 1490 unum
1098 1445 1154 1490 vo·

44 1549 121 1596 cem
144 1525 358 1608 coaluerunt,
393 1526 438 1588 ite
458 1523 582 1588 rectius
606 1525 681 1587 αἴκα
703 1545 800 1612 quom
825 1525 920 1588 αὸαα
942 1525 1044 1591 scribi
1064 1527 1155 1592 vide·

41 1642 120 1713 tur,
145 1627 304 1694 suadente
325 1638 493 1717 practerea
514 1624 731 1692 collocatione
752 1625 986 1714 particularum
1008 1627 1152 1694 Tlrcocr.

43 1733 81 1814 1,
110 1731 130 1798 5
163 1731 236 1792 αἴκα
265 1727 296 1792 δ’
319 1728 392 1812 αἶγα
420 1727 501 1816 λάβῃ
533 1727 593 1807 (cf.
625 1727 705 1792 ὅκκα
736 1726 769 1789 d’
796 1727 909 1814 ἐντύχω
938 1727 1059 1818 Epioh.
1085 1732 1153 1810 19).

41 1835 168 1921 ltaque
197 1830 374 1920 ancipitem
403 1829 584 1895 editionum
610 1853 707 1895 usum
735 1829 777 1895 nd
806 1855 877 1896 eam
907 1853 1054 1896 normam
1077 1855 1155 1898 con-

41 1935 229 2002 stituimus.
276 1931 479 2023 Plerumque
499 1943 609 1998 tumen
632 1932 823 2018 conjunctio
847 1933 883 1997 δέ
901 1943 978 1998 onte
997 1957 1040 1996 κα
1061 1935 1155 2024 poni.

40 2049 120 2116 tur,
152 2047 190 2101 ut
211 2037 246 2099 ui
266 2037 360 2100 δέκα
382 2034 516 2100 Hcracl.
541 2035 579 2120 I,
602 2034 656 2102 68.
680 2036 735 2102 74.
760 2035 843 2120 130,
871 2035 1014 2101 Theocr-
1038 2035 1075 2112 l,
1099 2035 1153 2102 10.

38 2141 85 2208 23
112 2139 181 2218 (dos
203 2139 239 2202 δέ
257 2163 299 2202 κα
320 2137 556 2222 Rhodum,
579 2137 639 2222 t),
663 2161 725 2206 nec
745 2139 856 2204 minos
877 2137 1086 2218 indefinitum
1107 2141 1156 2214 αις

38 2253 125 2308 unte
145 2265 188 2305 κα
210 2239 314 2330 accipi
339 2240 443 2323 solet,
468 2241 579 2306 αἴτιαι
600 2245 700 2320 (τινα,
723 2243 818 2323 τινες)
840 2266 882 2306 κα
903 2241 1037 2308 Hcs-acl.
1054 2241 1084 2325 1,
1099 2241 1155 2310 57.

39 2347 101 2413 69.
129 2343 212 2426 123,
248 2343 339 2409 Cret.
363 2342 467 2424 3058,
506 2345 542 2406 αἰ
568 2343 604 2407 dc'
627 2369 677 2420 τις
705 2344 779 2427 (τινα
801 2343 882 2427 οἱα.)
903 2369 945 2409 κα
965 2343 1100 2411 Heracl.
1124 2344 1156 2429 l,

35 2447 100 2514 71.
127 2445 182 2512 80.
208 2443 290 2527 103,
313 2443 403 2510 Cret.
427 2444 526 2512 3048.
550 2446 656 2514 3040.Ι
842 2477 844 2484 ·

133 2545 172 2635 4)
215 2555 255 2612 N
259 2547 300 2610 αἱ
327 2556 521 2636 potestatem
553 2545 776 2612 affirmativam
808 2569 876 2614 non
905 2545 1013 2614 solnm
1041 2549 1158 2616 Attico

33 2673 139 2720 more
161 2671 238 2714 cum
259 2673 302 2730 μα
324 2650 563 2716 eteccnsativo
590 2649 740 2736 junctam
761 2649 878 2733 habet,
912 2662 949 2716 nt
969 2651 1091 2741 Epich.
1115 2653 1157 2719 14

33 2758 96 2822 καὶ
119 2750 166 2835 μὰ
187 2749 245 2814 τάκ
266 2749 429 2835 κράμβαν,
464 2749 507 2818 60
528 2756 581 2816 καῖ
602 2749 645 2833 pol
667 2753 735 2816 Ata
761 2762 824 2818 etc.
836 2799 848 2838 ‚
882 2754 941 2820 sed
962 2753 1060 2822 etiam
1081 2755 1157 2822 sine

32 2886 87 2942 μαι
110 2879 178 2945 pro
197 2852 312 2920 Attico
339 2852 400 2937 κή,
435 2864 473 2918 ut
493 2854 641 2922 Acheru.
664 2853 729 2922 708
757 2858 809 2920 καὶ
836 2853 890 2922 cdv
915 2857 1040 2943 Ἑρμᾶν
1046 2907 1058 2937 ,
1092 2858 1157 2926 740

32 2963 95 3026 καὶ
118 2955 177 3022 τὸν
198 2957 358 3033 Διοκλέα,
380 2956 444 3023 764
464 2961 516 3021 καὶ
536 2955 590 3022 cdv
613 2959 764 3036 Ποτειδᾶ,
787 2957 932 3047 Lysistr.
956 2961 1010 3028 81.
1028 2959 1090 3027 86.
1113 2959 1159 3028 00

30 3076 110 3130 etc.
137 3061 191 3124 καὶ
210 3056 253 3122 sol
279 3057 358 3136 σιώ,
379 3057 454 3126 206.
472 3057 537 3126 988
558 3062 610 3124 καὶ
625 3057 866 3146 τὸκΚάσταρα,
889 3083 952 3128 nec
973 3084 1047 3128 rsro
1068 3061 1158 3152 apud

28 3161 290 3244 Theocritum,
328 3161 386 3251 qui
415 3159 592 3251 aliquoties
613 3163 786 3230 articulum
809 3159 920 3229 omisit
941 3164 995 3247 ll,
1019 3165 1157 3244 todoat

23 3269 201 3352 Μοίρας,
235 3261 367 3347 XXIV,
391 3265 435 3329 74
453 3268 506 3328 καὶ
531 3262 604 3347 ἐμὸν
624 3265 718 3348 ytoud
740 3267 865 3348 φέγγος.
917 3264 1033 3332 Minus
1066 3279 1155 3333 recte

22 3375 94 3440 ναὶ
121 3364 184 3431 aaut
208 3365 282 3430 sinc
304 3365 441 3432 articulo
454 3369 626 3456 scriptum
649 3380 718 3432 eret
737 3365 881 3454 Lysistr.
897 3367 958 3452 81,
983 3368 1043 3433 ubi
1065 3385 1157 3434 nnnc

20 3465 249 3542 Dindorflus
270 3477 359 3534 recto
380 3468 531 3557 probavit
551 3467 696 3556 Reisigii
725 3468 986 3536 emendationem
1014 3470 1100 3556 μάλα
1124 3469 1156 3554 γ’.

16 3576 102 3646 αἰαῖ
127 3573 183 3634 καὶ
203 3567 246 3634 rot
270 3568 342 3635 σαὸ.
1108 3625 1112 3632 ,

138 3669 174 3752 5)
217 3671 270 3738 Dc
299 3667 369 3746 olo,
404 3692 487 3762 quac
515 3672 620 3738 forma
642 3674 815 3739 universae
835 3673 1022 3763 antiquiori
1036 3673 1157 3741 Doridi

14 3802 125 3850 cum
157 3773 310 3840 dialectis
339 3773 452 3841 lonico
483 3785 515 3840 et
536 3773 698 3840 Lesbiaco
726 3777 910 3842 communis
932 3786 981 3840 est
1001 3781 1072 3866 prol
1087 3771 1154 3856 οὖν,

12 3899 154 3970 supra
176 3875 322 3942 diximus
344 3879 378 3959 §.
401 3876 465 3959 20,
488 3877 541 3944 11.
596 3875 664 3942 Hic
686 3875 837 3943 addimus
860 3877 1068 3967 singularem·
1082 3903 1155 3970 par·

5 3980 175 4058 ticulae
190 3979 438 4046 collocationem
453 3981 540 4046 inter
549 3978 829 4069 praepositionem
847 3989 881 4044 ot
897 3981 1047 4065 verbum,
1071 4005 1157 4072 quos
1240 4019 1244 4030 ·

56 4221 110 4283 4)
152 4210 240 4280 Greg.
258 4211 290 4265 G.
310 4212 372 4266 242.
408 4207 440 4264 τὸ
465 4207 530 4264 ὅκκα
555 4208 616 4265 ἀντὶ
637 4215 687 4264 τοῦ
711 4208 825 4281 ὁπηνίκα
846 4213 890 4264 καὶ
916 4208 995 4266 ὁπότε
1020 4213 1064 4265 καὶ
1085 4208 1155 4268 ὅπου

5 4310 183 4390 τρῶκται,
202 4298 237 4354 ct.
257 4301 280 4368 t.
292 4301 325 4355 14
342 4305 400 4352 not.
412 4299 468 4354 14.
