2716 4818
178 397 209 489 §.
228 398 289 476 24.
318 402 375 473 De
396 432 418 472 o
436 425 523 474 curn
542 425 614 495 seq.
635 403 749 474 vocal.
771 417 970 516 contracto.
1053 407 1125 482 197

491 524 512 562 a
863 517 864 522 ,

4 571 5 624 l
47 597 111 664 trin-r
130 611 210 678 etc„
247 611 280 666 et
302 600 344 666 de
364 605 502 684 μελᾶντι,
537 605 647 683 βοῶντι
675 599 861 686 (Heraclid.
892 626 944 691 ap.
970 603 1121 671 Eustutb.

47 701 124 785 1557,
146 699 201 790 14)
225 701 427 785 systolem,
458 701 586 784 pociores
608 725 667 792 pro
689 702 881 790 vulgaribus
902 709 1034 786 γελῶσι,
1067 715 1124 789 βο-

46 809 101 868 cior.
143 803 303 893 Exempla
325 803 470 868 nuncin
491 803 598 870 titulis
621 826 699 868 casu
721 805 811 870 nulla
834 807 1007 893 leguntur,
1037 810 1125 899 spud
1167 819 1172 826 '

46 907 201 995 scriptores
223 927 349 994 paucus
390 905 510 995 Epicb.
534 903 576 971 82
598 903 762 982 ὀπτᾶντες,
797 905 917 997 Sopbr.
940 910 981 974 41
1004 911 1123 994 s'nsyyv-

45 1005 133 1088 ιλμινοι
153 1032 215 1098 pro
237 1006 475 1090 s’ncyyooipsoos‚
503 1008 648 1071 Aebsru.
672 1007 736 1072 717
758 1011 955 1090 διαπεινᾶμες
972 1031 1033 1101 pro
1055 1015 1122 1076 ιλια-

43 1113 187 1192 ιιεννῶμεν,
209 1107 246 1172 in
269 1108 443 1198 proverbio
457 1108 580 1174 Dorico
602 1108 688 1196 opud
706 1109 797 1175 Poltc
819 1109 883 1192 lx,
906 1105 948 1177 74
969 1113 1027 1177 cclv
1050 1112 1123 1197 eips-

41 1209 85 1274 ιᾶν
111 1216 163 1276 καὶ
191 1211 247 1275 τῶν
279 1212 394 1294 σοφίαν
422 1215 541 1275 νικῶντι
573 1215 727 1296 χελῶναις
770 1211 805 1276 iu
840 1212 928 1280 dieto
954 1215 1123 1282 Leonidae

41 1311 192 1380 Plutarch.
216 1314 385 1403 Apopbtb.
403 1313 483 1378 Lac.
505 1337 539 1402 p.
559 1311 622 1378 225
644 1312 704 1390 ἤδη
727 1311 788 1396 γὰρ
808 1314 928 1394 ἥκαμες
948 1317 1020 1392 τούς
1042 1325 1123 1400 βοο-

40 1414 144 1498 βάρονς
165 1415 188 1493 ἢ
211 1415 298 1481 αὐτοὶ
319 1414 467 1478 τεθνάναι
487 1417 632 1496 με’λλομες
654 1415 885 1504 corrigendum
908 1428 958 1481 est
978 1419 1037 1497 ἤδη
1061 1419 1121 1506 γὰρ

40 1515 191 1597 ἢνιιᾶμες
213 1515 266 1602 (ἰιι
288 1541 371 1584 nova
394 1517 538 1583 editione
554 1515 705 1580 Parisino
729 1517 772 1580 ite
788 1515 906 1581 Latine
921 1517 1120 1587 redduntur:

26 1623 95 1681 'aut
117 1619 325 1684 vincendi
353 1619 552 1699 barbari).
598 1618 698 1706 Apud
721 1617 936 1685 Theocritum
958 1621 1121 1705 ejusmodi

44 1718 147 1785 lor-mre
177 1744 266 1786 nnnc
296 1722 378 1787 duae
408 1722 496 1787 solae
525 1733 674 1808 receptae
704 1729 800 1813 suntc
844 1717 1012 1801 ἀμιλιτεσσι
1044 1721 1120 1808 (vl,

43 1820 85 1900 ll)
108 1823 162 1907 X,
186 1823 228 1887 16
250 1833 282 1888 et
305 1826 442 1887 πεινᾶνιι
463 1821 672 1911 participium
694 1820 775 1904 XV,
798 1821 881 1905 1483
905 1821 964 1888 scd
985 1824 1120 1890 ebonis

39 1920 121 1989 libris
142 1937 310 2012 praeterea
330 1924 531 1991 restitneuds
555 1933 633 1989 sunt
660 1927 776 2006 μελᾶσα
804 1923 841 2001 l,
863 1923 925 2006 86,
960 1927 1120 2008 μελᾶντι3

35 2024 109 2110 plur.
131 2027 167 2104 l,
190 2025 256 2108 903
283 2031 459 2115 παρελᾶντα
480 2026 525 2102 V,
548 2027 601 2092 89.
626 2025 722 2108 VlIl,
745 2027 805 2109 73,
835 2027 940 2110 ἐρῶντι
961 2026 1041 2110 vll,
1065 2028 1119 2106 97,

35 2125 92 2191 vid.
115 2129 271 2194 Zeitselcr.
293 2132 323 2214 f.
348 2134 385 2195 Α.
413 2133 462 2196 W.
486 2128 570 2194 1849
591 2152 642 2192 ur.
658 2127 731 2194 110.
873 2199 876 2211 ,

106 2229 223 2320 Neque
242 2241 351 2298 umen
373 2253 448 2298 rsro
469 2230 618 2322 vulgaris
641 2231 873 2297 contractionis
895 2230 978 2296 rstio
1000 2230 1035 2296 iu
1049 2233 1120 2298 l'on-

32 2331 112 2398 tibus
140 2333 275 2399 Derieis
302 2332 485 2423 reperitur:
520 2334 555 2401 iu
584 2331 691 2400 titulis
721 2332 829 2400 Rbod.
853 2333 938 2401 2527
968 2338 1118 2412 νικῶντα,

34 2433 183 2502 Chalced.
208 2439 418 2520 αἰσιμνῶντες,
442 2434 554 2501 Aetol.
567 2436 661 2504 2350.
675 2435 760 2502 3046
775 2435 985 2516 ὁρμωμὲνονς,
1009 2435 1118 2502 Rbod.

31 2535 117 2615 2525,
141 2538 162 2601 b
185 2543 323 2621 ζῶντας,
356 2541 465 2615 ζῶντι,
500 2535 635 2624 (λοοψ.
662 2537 763 2614 1845,
787 2537 849 2604 119
871 2540 972 2602 λῶντι.
1025 2536 1120 2620 Quoc

31 2661 122 2725 quum
152 2639 329 2706 recentiori
358 2638 456 2704 aetati
488 2637 589 2703 tribui
618 2637 768 2726 possint,
811 2637 932 2704 similis
962 2638 1120 2726 leguntur

29 2742 106 2826 apud
127 2742 331 2832 antiquiores
353 2750 521 2806 auctores:
553 2738 673 2828 Epicb.
698 2739 739 2806 19
760 2743 886 2822 ἱστιῶν,
909 2743 1000 2804 λῶντι
1020 2742 1103 2829 perti

28 2841 145 2931 elplum
168 2855 201 2909 et
221 2841 318 2909 tertia
339 2841 501 2931 pluralis,
530 2841 572 2908 65
594 2845 719 2917 ἱστιῶν,
751 2841 794 2909 96
816 2847 936 2918 ζῶντα,
971 2842 1034 2907 137
1057 2843 1118 2924 λῳή

29 2947 206 3032 optatiens3
239 2943 360 3031 Sopbr.
383 2943 427 3009 62
447 2945 603 3023 τατωμένα
625 2967 685 3032 pro
706 2945 879 3026 receptior,
903 2945 947 3010 el'.
970 2945 1117 3032 Hespcb.

26 3049 197 3131 τατωμὲνα,
232 3045 419 3131 στερομένοις
453 3045 596 3133 Lysistr.
629 3046 713 3113 1005
742 3049 849 3123 ἐῶντι,
886 3045 969 3122 1253
999 3048 1116 3123 ἐνίκων,

27 3147 105 3216 1162
132 3153 249 3233 toipsc;
283 3145 436 3236 Thucyd.
468 3148 513 3225 V,
545 3148 588 3214 77
620 3137 789 3230 ἕκβολντας.
845 3146 931 3211 Hinc
960 3148 1053 3212 valde
1083 3150 1118 3211 fic
1247 3221 1253 3227 .

24 3248 175 3334 dubium,
210 3273 251 3314 su
273 3248 454 3316 Dorienses
475 3271 540 3315 uon
564 3248 687 3338 ubique
709 3249 906 3339 peculiarem
930 3272 1020 3314 suam
1041 3273 1117 3314 con·

22 3353 189 3418 tractionis
203 3352 361 3418 rationem
376 3352 562 3442 tenuerint,
587 3353 646 3416 sed
668 3354 763 3418 etism
786 3351 954 3440 vulgarem
978 3351 1117 3415 subinde

20 3457 242 3543 probaverint.
307 3453 351 3518 Et
381 3453 523 3544 primum
556 3455 688 3546 quidem
720 3454 839 3541 stirpes
873 3452 1118 3541 monosyllabae
1252 3518 1255 3526 ,

20 3567 106 3623 teuta
140 3555 323 3623 constantis
351 3583 376 3619 ω
404 3558 585 3652 praebcutp
627 3567 663 3620 ut
690 3554 972 3644 ipsi,Dorleuses
1002 3553 1035 3618 in
1065 3555 1128 3642 bis!

19 3658 181 3724 Doricum
205 3665 225 3723 ἇ
246 3658 385 3724 aversati
407 3682 479 3724 esse
504 3659 685 3724 videantur.
730 3657 861 3723 Deinde
880 3656 1006 3740 nullum
1026 3654 1119 3720 adest

19 3762 221 3850 vestigium,
255 3759 351 3825 etiam
381 3761 416 3825 iu
445 3761 550 3848 prime
577 3784 715 3849 persona
745 3759 929 3849 proesentis
960 3783 1010 3821 αον
1034 3757 1068 3822 in
1100 3773 1119 3822 ᾶ

19 3863 182 3930 coaluisse
191 3891 210 3948 ,¹
236 3873 272 3928 ul
302 3863 375 3942 τιμῶ
403 3884 463 3950 pro
491 3865 570 3943 τιμῶ
592 3886 610 3946 e
631 3861 741 3942 τιμάω.
795 3859 880 3926 Num
903 3861 990 3950 quod
1013 3859 1117 3928 Hero·

19 3967 141 4030 dianus
168 3969 240 4048 περὶ
271 3968 474 4045 σολοικισμοῦ
503 3963 537 4028 iu
561 3962 770 4030 Boissouadii
789 3963 974 4030 Auecdotis
1002 3962 1054 4027 Ill
1083 3989 1114 4052 p.

18 4069 78 4134 250
113 4065 317 4132 Simonidem
345 4066 484 4154 lyricum
516 4065 551 4130 iu
581 4065 690 4132 verbis
724 4067 767 4139 nic
798 4065 834 4144 dr}
867 4063 924 4148 ἐμοὶ
956 4069 1027 4148 γελᾷ
1058 4066 1116 4134 (ir.

19 4171 78 4236 129
100 4169 222 4234 Scbu.l
253 4165 381 4232 tertium
410 4192 581 4257 personam
611 4191 670 4258 pro
697 4168 802 4256 prims
831 4167 984 4255 posuisse
1005 4166 1118 4247 tradit,

17 4269 94 4338 iude
120 4291 187 4334 nou
208 4269 367 4335 audemus
390 4269 548 4336 Doricum
575 4275 648 4354 γελᾶ
669 4272 815 4354 efficere,
849 4292 952 4358 quum
975 4266 1117 4333 Simoni·
