2746 4818
235 335 313 438 362
409 337 442 430 h.
459 337 528 414 4⁴1:
555 340 613 412 De
628 339 813 416 adverbiis
835 341 964 417 locist
984 344 1176 440 temporis.

235 543 335 609 Nunc
357 567 460 635 pauca
482 545 556 632 ejus
577 546 710 633 generis
734 547 770 612 in
793 547 901 612 titulis
930 545 1166 634 reperiuntur:
1202 546 1321 634 Corcpr.

237 646 550 714 1841.1843.1844
574 648 729 730 ἀναθέμεν
736 699 747 726 ,
773 651 845 714 6πεῖ
864 675 906 713 ua
928 651 1006 724 δοκῆ
1027 648 1235 733 προβούλοις,
1257 674 1323 734 προ·
1366 691 1367 694 =

236 749 336 822 δίκοις
358 751 461 823 nadair
483 748 582 834 ἔχειν,
606 750 664 815 uhi
678 749 867 816 Bocchhius
888 774 957 815 non
982 750 1123 816 debebat
1144 751 1323 816 minusculis

231 849 296 937 ὅπῃ
320 850 436 936 edere,
472 851 1005 942 indecorrigasCorcyr.1845,
1030 855 1113 936 143,
1147 853 1207 917 ubi
1228 853 1323 917 eaden

233 953 376 1018 formula
397 953 434 1018 in
455 956 545 1020 hunc
566 956 700 1021 modum
723 965 876 1042 corrupta
899 963 969 1018 est:
995 954 1187 1036 ἀναθέμενον
1208 981 1261 1020 ποι
1279 980 1327 1018 ια-
1366 1015 1367 1026 ,

104 1053 107 1057 ’
235 1057 327 1134 δοτηι
348 1055 540 1140 προβούλοις
562 1061 616 1120 καὶ
637 1057 803 1144 προδίκοις
831 1059 935 1130 καλοῖς
964 1055 1045 1141 ἔχειν
1078 1059 1240 1138 (Bocchh.
1264 1057 1327 1122 ἀνα-

232 1159 328 1240 θέμεν
358 1158 431 1224 ὅποι
459 1183 500 1222 uu
524 1159 631 1244 δοκῇ).
690 1159 731 1225 ln
752 1159 935 1247 Anaphaeo
957 1160 1075 1226 Rossii
1104 1187 1155 1225 nr.
1184 1165 1201 1226 1
1232 1157 1283 1246 (G.
1304 1159 1325 1221 1.
1366 1175 1367 1250 ρ

232 1284 284 1326 nr.
306 1261 406 1339 2477)
429 1261 454 1326 1.
480 1261 521 1328 11
544 1267 595 1326 est
618 1260 690 1324 duri
710 1257 766 1346 (C.
790 1263 820 1326 1.
844 1261 954 1326 minus
977 1273 1065 1328 recte
1087 1265 1164 1342 ὁπη)
1189 1274 1222 1330 et
1242 1264 1267 1326 1.
1284 1261 1326 1326 13.
1366 1251 1367 1338 Ῐ

234 1364 275 1431 19
296 1359 463 1446 (ὁ)πεΐ,’1.
487 1363 528 1429 19
551 1360 646 1426 edrai.
691 1363 824 1430 Deinde
846 1362 934 1452 apud
956 1362 1163 1453 Sophrouem
1185 1365 1329 1454 leguntur

232 1467 287 1530 πεῖ
312 1463 445 1547 frat,
489 1465 521 1526 sd
544 1464 587 1529 dr.
618 1463 685 1546 86,
718 1467 805 1554 apud
834 1465 1069 1556 Epicharmum
1100 1468 1143 1532 fr.
1176 1469 1217 1535 19
1245 1467 1327 1544 russi.

234 1565 335 1656 Apud
356 1565 571 1631 Theocritum
593 1566 747 1632 adverbia
780 1570 853 1655 ejus
877 1570 1010 1658 generis
1031 1571 1112 1634 haec
1134 1569 1190 1636 vel
1211 1577 1329 1658 recepta

235 1679 313 1735 sunt
332 1668 387 1733 vel
409 1692 427 1732 e
448 1667 550 1734 libris.
567 1669 777 1758 recipienda:

318 1770 488 1855 cursil,
512 1770 585 1838 106.
618 1771 672 1846 ll,
695 1773 738 1840 98
758 1773 833 1856 his,
868 1773 931 1858 lv,
955 1773 1009 1840 35.
1041 1772 1087 1856 V,
1110 1774 1164 1840 45.
1190 1774 1245 1840 97.
1275 1773 1329 1852 XI,

232 1874 294 1952 45,
325 1872 385 1939 sed
406 1871 470 1951 IV,
494 1872 548 1939 95.
579 1874 625 1958 V,
648 1875 689 1941 45
720 1885 754 1939 et
781 1875 836 1955 ll,
859 1875 902 1940 98
928 1874 1038 1964 priore
1067 1875 1142 1942 loco
1165 1877 1255 1944 haud
1276 1900 1331 1940 anr-

232 1975 335 2066 higue
356 1976 467 2041 locum
497 1977 542 2042 in
572 2000 693 2067 quem
716 1976 891 2064 significat.
940 1976 1087 2044 Eandem
1110 1977 1331 2042 adverbiorum

232 2077 504 2168 permutationem
532 2103 611 2144 mox
638 2078 675 2142 in
707 2079 786 2142 τεῒδε
819 2078 1028 2162 notabimus,
1063 2103 1174 2170 neque
1203 2081 1332 2146 aliarum

232 2183 423 2270 linguarum
455 2205 537 2245 usus
572 2180 746 2262 abhorret,
785 2180 951 2270 Anglicae
984 2181 1215 2270 potissimum,
1259 2205 1332 2271 qnae

233 2308 349 2350 come
377 2285 476 2348 herc
505 2281 559 2348 vel
588 2283 779 2370 gothero
806 2305 895 2346 nunc
918 2282 1179 2349 accuratioribus
1199 2283 1332 2350 locutio·-

234 2387 335 2452 nihus
357 2409 470 2453 come
493 2385 637 2452 hither
658 2396 691 2450 et
713 2407 762 2473 go
784 2383 948 2450 thither
968 2387 1135 2474 praeferre
1157 2387 1258 2452 solet.

317 2491 452 2555 rovrai
471 2487 517 2569 V,
540 2488 581 2554 33
616 2487 667 2569 (id
687 2487 777 2552 enim
798 2485 897 2552 bouis
918 2487 1016 2553 libris
1039 2487 1181 2554 ducibus
1201 2513 1269 2578 pro
1287 2517 1333 2568 ru-

231 2596 281 2658 νεῖ
297 2591 415 2681 reponi
437 2598 598 2681 oportet),
622 2590 705 2656 ihid.
729 2589 783 2654 45.
809 2588 883 2654 103.

316 2697 423 2760 crida
445 2717 463 2759 e
485 2694 602 2784 paucis
625 2693 725 2758 honis
746 2690 845 2756 lihris
864 2690 1056 2756 Meinehins
1078 2692 1205 2780 recepit
1228 2694 1276 2777 V,
1298 2695 1333 2760 32

232 2795 311 2862 τάδ’
340 2795 403 2862 ὑπὸ
432 2795 488 2860 τᾶν
518 2795 703 2860 κότινον-
728 2795 887 2876 subdiac,
918 2791 1021 2876 VIII,
1045 2795 1088 2860 40
1115 2793 1193 2858 ssid'
1226 2795 1332 2884 ἀγάγῃ,

232 2898 409 2988 utrobique
439 2920 501 2985 pro
533 2897 636 2979 huc,
678 2894 781 2983 recipi
806 2893 913 2980 jussit
942 2895 978 2979 1,
1009 2897 1051 2962 12
1080 2899 1157 2960 reida
1188 2903 1331 2976 καθίζοις.

231 3003 319 3076 Mira
341 3001 490 3088 ejusdem
511 2998 605 3064 vocis
627 2998 733 3062 forma
762 2999 909 3075 saiada,
948 3023 1033 3090 qnae
1064 2997 1100 3076 iu
1129 2999 1271 3067 scholiis
1299 3001 1334 3066 ad

232 3107 278 3190 V,
294 3107 337 3174 32
349 3104 474 3169 Dorica
496 3125 570 3166 esse
593 3099 716 3165 dicitur
735 3122 794 3189 pro
819 3101 974 3184 ἐνταῦθα,
998 3099 1201 3166 aMeinehio
1225 3129 1247 3168 e
1268 3105 1333 3193 qui·

232 3209 371 3275 busdam
384 3206 481 3272 libris
493 3213 625 3292 recepta
640 3215 691 3268 est
700 3203 746 3286 V,
764 3203 846 3287 1183
869 3201 980 3268 eadem
1003 3227 1062 3291 pro
1084 3205 1175 3270 varia
1196 3207 1336 3272 lectione

233 3320 285 3378 est
306 3311 352 3394 V,
375 3309 429 3376 32.
460 3305 566 3390 VIII,
588 3305 631 3372 40
664 3315 697 3368 et
719 3316 886 3393 praeterea
907 3303 1031 3392 2,,07,
1065 3305 1335 3382 uhi-Meiuebius

232 3411 371 3480 retinuit
397 3413 492 3491 τᾷδε,
538 3409 627 3499 qrrod
656 3407 818 3473 librorum
849 3406 1040 3472 auctoritate
1067 3431 1179 3474 carcre
1206 3411 1336 3478 videtur

233 3515 383 3605 (antiqua
412 3513 546 3600 vulgata
573 3536 634 3601 pro
665 3512 743 3574 τεῖδε
773 3525 806 3576 et
832 3512 928 3577 saiada
956 3509 1081 3600 uhique
1110 3520 1162 3576 est
1190 3517 1266 3588 τνῖδε
1287 3515 1334 3580 rel

231 3615 334 3707 τῇδε).
380 3615 498 3682 Forma
520 3613 602 3714 ista,
626 3613 694 3677 nisi
715 3637 734 3677 a
755 3611 902 3677 librariis
924 3636 1002 3676 casu
1024 3613 1166 3702 quodam
1184 3614 1263 3682 ficta
1277 3630 1335 3692 est,

233 3720 275 3786 ad
295 3717 451 3784 rusticam
472 3715 772 3806 pronuntiationem
794 3715 978 3779 revocandi
1000 3739 1075 3780 esse
1095 3714 1243 3782 videtur.

317 3823 353 3898 2)
398 3817 581 3886 Severioris
604 3817 745 3884 Doridis
774 3817 883 3881 fontes
911 3817 999 3882 idem
1028 3815 1263 3885 adverbiorum
1282 3843 1337 3909 ge·

232 3948 297 3988 nus
319 3921 354 3986 in
377 3951 396 4000 η
419 3923 472 3989 vcl
492 3950 511 4010 ῃ
535 3920 722 3985 terminant.
774 3917 872 3983 Talia
895 3919 1030 3984 suntin
1053 3918 1144 3984 Cret.
1168 3920 1276 4004 2554,
1295 3921 1337 3987 56

234 4027 311 4114 ὁπῇ
340 4034 373 4090 et
400 4013 424 4088 1.
447 4025 489 4089 75
517 4021 597 4086 κατὰ
619 4021 681 4096 noir
702 4025 798 4101 ταυτᾷ
818 4021 921 4104 νόμως
942 4019 1005 4096 τοὶς
1033 4025 1207 4110 ἑκατερῇ
1237 4025 1336 4104 κειμέ-

232 4153 314 4212 aare,
350 4127 441 4192 Cret.
464 4126 570 4203 2556,
592 4125 645 4191 20.
669 4124 723 4192 26.
747 4125 791 4192 28
819 4123 899 4188 κατὰ
926 4122 980 4198 τδς
1008 4122 1105 4204 νόμος
1125 4123 1182 4198 adr
1203 4129 1336 4204 ἑκατεριζ

233 4230 391 4311 κειμένος,
426 4230 450 4295 l.
474 4229 517 4295 77
547 4232 577 4292 οἱ
606 4226 801 4303 ἕνεστιικότες
825 4222 957 4315 ἕκατερῇ
979 4225 1106 4308 Κόσμον
1137 4225 1194 4306 (Β.
1218 4227 1335 4293 Dorici
