2746 4818
210 328 287 405 360
460 323 492 416 §.
518 324 581 402 43.
632 326 690 400 De
714 319 1055 422 praepositionibus.

212 531 295 596 tium
314 529 438 600 Dorica
460 529 601 598 dialeeto
623 550 691 594 non
713 552 731 594 a
754 525 1003 594 Corinthiorum
1024 523 1155 592 eodonis
1181 535 1295 614 accepta

212 632 409 716 utebantur,
438 656 513 697 enm
537 629 672 698 Boeotis
694 641 727 695 et
747 627 920 697 Thessalia
943 627 1025 710 (vid.
1047 626 1136 692 infra
1158 625 1294 691 Addend.

213 733 255 798 ad
275 733 351 800 L.I
373 738 405 818 ἓ.
422 733 478 813 50)
498 735 530 798 e’r
550 757 611 824 pro
634 736 678 808 εἰς
701 732 874 816 dixerunt,
898 742 931 796 et
951 729 992 794 ab
1014 729 1058 816 iis
1082 728 1194 819 potius
1214 752 1296 817 qnam

212 861 232 902 a
265 835 401 902 Boeotis
433 835 570 904 Pindari
603 834 807 902 consuetudo
838 831 1016 923 repetenda
1047 842 1097 897 eat
1123 831 1192 898 vid.
1222 828 1296 896 1..t

132 1013 133 1016 Ν
211 937 245 1022 §-
268 937 330 1016 aa,
354 937 386 1004 a.

298 1105 422 1172 Mirum
444 1116 517 1192 est,
551 1107 641 1197 quod
662 1105 771 1173 Boreo
794 1081 843 1172 ot
866 1117 899 1171 et
921 1105 970 1182 ἰξό
993 1129 1054 1194 pro
1077 1105 1177 1170 ἔνεστι
1198 1117 1229 1172 et
1249 1104 1301 1179 ἷξε·

216 1233 266 1275 στι
295 1204 421 1276 dixisse
453 1210 664 1293 referuntur,
697 1233 836 1300 quorum
859 1205 946 1274 illud
968 1209 1066 1274 etiam
1088 1208 1224 1276 Aeolidi
1242 1207 1300 1271 vin·
1354 1241 1355 1322 ¹

215 1310 343 1377 dicatur
357 1311 397 1393 ⁵).
442 1309 546 1378 Recte
558 1311 752 1378 Dindorfius
774 1311 815 1376 ed
832 1309 992 1400 Stephani
1004 1310 1213 1377 Thesaurum
1233 1307 1299 1376 Vol.

214 1415 267 1481 Ill
288 1439 323 1506 p.
346 1412 431 1482 1055
453 1426 622 1481 accentum
643 1413 681 1481 in
702 1412 882 1504 penultima
902 1415 1070 1503 postulare
1090 1413 1230 1480 videtur.

300 1588 338 1676 7)
382 1586 461 1660 Ξύν
491 1588 527 1655 iu
559 1583 667 1653 titulis
700 1610 767 1651 non
800 1585 924 1674 legitur
954 1598 1183 1676 praeterquam
1213 1585 1303 1651 Ther.
1357 1585 1358 1672 i

215 1691 313 1759 2448.
336 1691 406 1774 ΙΙΙ,
430 1691 472 1758 37
494 1692 723 1767 gerocomium,
754 1689 816 1772 lv,
839 1689 860 1754 7
883 1691 1049 1772 ξυγγενῶν,
1073 1711 1258 1779 quanquam
1277 1689 1306 1752 in
1358 1702 1359 1758 t

219 1794 334 1860 eodem
359 1791 415 1860 σύν
444 1793 681 1883 frequentatur.
737 1791 777 1855 In
798 1790 1004 1878 Lysistratae
1025 1789 1206 1858 Laconicis
1229 1797 1309 1868 ξυνα·
1359 1816 1360 1889 ¹

216 1898 300 1972 λίαξε
321 1903 373 1961 est
393 1917 425 1962 v.
448 1896 509 1980 93,
540 1895 600 1962 sed
623 1892 771 1972 oratoriae
793 1891 890 1960 1268.
934 1893 975 1959 ln
998 1892 1130 1977 deereto
1152 1893 1309 1960 Laeonieo
1360 1929 1361 2010 ¹

220 1995 331 2062 Time.
354 1994 401 2080 V,
423 1996 467 2065 77
488 2007 677 2063 constanter
697 1994 874 2081 ξύμμαχος,
905 1997 1079 2080 ξυμμαχία,
1094 1997 1311 2090 Ιξυμβαλὲσθιπιι
1361 2045 1362 2116 ¹

215 2098 407 2176 traduntur,
443 2109 477 2164 et
497 2098 576 2164 item
598 2097 633 2162 in
655 2097 788 2166 foedere
807 2097 1008 2188 Argivorum
1030 2096 1076 2180 V,
1098 2095 1153 2163 70.
1206 2098 1311 2188 Itaque
1361 2119 1362 2124 ¹

217 2221 288 2366 pop
314 2197 473 2266 audemus
502 2200 542 2266 ab
565 2199 750 2291 antiquiore
772 2200 899 2266 Doride
921 2201 1045 2266 formae
1068 2197 1122 2274 ξύν
1147 2225 1246 2268 usum
1267 2200 1311 2266 ab·

212 2323 255 2388 Ju
279 2323 378 2368 reare.

303 2471 342 2560 8)
384 2473 562 2555 Aeolieum
582 2475 681 2542 πεδά
702 2499 764 2568 pro
785 2475 861 2560 μετά
890 2476 971 2558 (vid.
995 2475 1038 2542 L.
1061 2475 1079 2540 I
1106 2474 1139 2558 ἓ.
1162 2478 1226 2562 28,
1250 2479 1313 2544 te

216 2573 249 2662 fl.
272 2576 327 2662 47,
351 2575 385 2660 5)
416 2603 460 2644 ne
481 2603 500 2645 a
522 2578 649 2646 Doride
679 2579 813 2670 quidem
836 2578 1022 2669 antiquiore
1045 2576 1191 2644 alienum
1214 2581 1313 2646 fuisse

215 2678 358 2747 videtur.
402 2679 442 2747 In
463 2682 604 2747 vetustis
627 2683 734 2748 titulis
758 2681 897 2771 Argivis
918 2706 971 2746 nr.
992 2681 1046 2748 14.
1067 2681 1129 2766 10,
1154 2683 1313 2773 siquidem

215 2780 406 2847 Boeekhins
422 2779 509 2847 reet'e
524 2782 626 2874 vidit,=
641 2782 836 2850 eeddFoeuoe
857 2795 907 2849 eet
927 2806 987 2874 pro
1004 2783 1156 2865 μέτοικοι.
1188 2783 1313 2852 Deinde

215 2882 253 2947 in
268 2882 478 2971 Epimenidis
500 2881 641 2971 epistola
663 2896 712 2950 est
731 2885 810 2949 πεδὰ
833 2885 995 2971 αἰσχύνας,
1020 2883 1109 2976 quod
1133 2910 1152 2952 e
1175 2890 1314 2976 genuina

218 2981 427 3051 Cretensium
457 2985 598 3052 dialecto
626 2987 778 3054 hausisse
805 2988 951 3073 videtur,
997 2988 1057 3080 qui
1085 2989 1186 3054 istam
1213 2991 1314 3066 finnt.

216 3083 302 3152 Nam
332 3087 368 3151 in
389 3085 570 3154 Vaxiorum
600 3087 731 3180 deereto
758 3114 810 3155 nr.
836 3089 922 3158 3050
948 3090 1078 3180 antiqui
1108 3091 1197 3158 situs
1222 3094 1315 3184 pleno

216 3210 278 3278 pro
307 3190 436 3271 ὁιέλεγεν
465 3188 540 3273 μετὰ
567 3189 674 3266 πάσας
707 3193 864 3269 σπουδᾶς,
903 3192 991 3282 quod
1021 3193 1214 3262 Boeekhius
1247 3221 1316 3264 eum

219 3287 394 3359 Chislrullo
418 3291 542 3378 edidit,
565 3292 722 3360 Sherardi
742 3296 967 3384 apographum
987 3296 1122 3386 praebet
1146 3299 1314 3377 δι..ειζη.

99 3475 102 3480 ¹
218 3393 381 3469 δαπανσας
404 3395 478 3474 ore,
514 3396 601 3462 nnde
630 3392 710 3460 πεδὰ
730 3395 853 3472 ndreae
874 3397 1112 3464 restituendum
1133 3422 1209 3466 esee
1231 3401 1316 3468 vide·

217 3507 283 3562 tur.
328 3496 501 3563 Postremo
521 3522 562 3564 ex
583 3498 755 3587 Hesychio
776 3498 912 3564 eonfera
951 3494 1146 3585 eddaepa,
1180 3502 1313 3591 ὕστερα·

218 3596 419 3673 Λάκωνες
446 3608 479 3664 et
499 3599 716 3686 ae'davpoo,
751 3599 902 3690 ὕστερον,
936 3601 1047 3688 πάλιν,
1080 3602 1203 3685 ὀπίσω,
1238 3629 1316 3696 qnae

217 3700 337 3764 aare'doe
359 3701 557 3779 descendere
579 3707 724 3792 apparet.

252 4035 280 4094 5)
314 4034 389 4088 Auu-
401 4035 478 4089 Oxx.
496 4034 521 4101 Ι,
542 4037 602 4100 160,
620 4036 664 4089 26.
700 4032 740 4094 Ιξὸ
757 4033 830 4108 ῥῆμα
846 4031 1069 4106 nopai-dopretiat
1085 4031 1147 4087 nini
1163 4037 1214 4088 τοῦ
1230 4038 1314 4096 temo.

219 4150 253 4162 -
289 4121 364 4176 lbid.
384 4123 449 4189 176,
470 4120 511 4176 tt.
547 4119 565 4191 ἦ
588 4121 615 4174 dr
635 4118 762 4193 πρόθεσις
779 4119 855 4193 παρὰ
874 4119 924 4192 τὴν
940 4119 1057 4178 Αἰολίδα
1073 4122 1118 4173 aaa*
1134 4121 1244 4196 Δωρίδα
1260 4122 1316 4180 dad-

218 4210 308 4264 toeoo
324 4206 366 4264 ot
381 4209 494 4278 γίνεται,
512 4205 615 4264 ὁπόταν
631 4209 676 4262 καὶ
693 4205 752 4263 niret
768 4207 904 4281 ῥήματος,
923 4208 960 4266 es.
978 4225 1007 4280 p.
1028 4211 1093 4272 17⁰,
1110 4209 1155 4266 28.
