2746 4818
292 399 324 491 §.
339 401 400 478 15.
447 401 504 474 De
525 399 641 475 variis
661 399 865 499 particulis.
1056 401 1130 480 381

59 600 97 668 τίν
115 585 310 687 troporum
332 609 453 670 θαλλοῦ
476 604 616 689 στεφάνῳ
638 604 662 669 i.
686 629 716 671 e.
742 604 1009 690 deliberare,
1041 631 1133 674 uum

57 705 201 792 placeat
229 718 292 771 ete.
339 707 391 772 Eu
414 707 554 773 eundem
577 708 755 797 particulae
777 708 799 785 ἤ
819 731 917 773 usum
937 708 973 773 in
995 707 1133 775 interro·

58 808 166 894 gatione
187 807 345 874 indirecta
369 809 397 876 si
433 811 533 898 plici,
567 810 626 899 qui
646 810 822 899 aliquoties
844 810 930 899 apud
954 809 1133 878 Homerum

55 909 168 976 relictus
197 921 267 995 est,
302 921 338 976 ut
358 835 530 996 liniVllI,
554 913 613 979 111
638 912 768 998 Ἕκτωρ
799 914 913 976 εἴσεται
944 913 964 991 ἢ
986 918 1039 976 καί
1061 913 1134 996 ε’μᾶν

56 1011 113 1096 ίίρυ
148 1016 294 1095 μαίνεται,
325 1013 356 1077 ἐν
388 1014 577 1103 παλάμῃσιν.
644 1013 797 1081 Ceterum
831 1038 905 1080 euru
938 1013 1070 1103 lleynio
1098 1026 1135 1081 et

55 1112 233 1180 Tliersehio
256 1110 278 1192 ἤ
299 1115 399 1180 serihi
421 1116 613 1200 maluerim,
648 1128 683 1181 ut
710 1116 870 1204 particula
900 1116 1134 1208 interrogativa

53 1216 81 1279 ad
97 1217 385 1305 interrogationem
407 1217 576 1309 obliquam
600 1221 755 1284 translata
779 1219 832 1285 sit.

120 1321 154 1400 3)
196 1320 263 1384 Pro
286 1320 445 1408 particula
469 1321 507 1384 ίίν
527 1319 688 1388 Doricum
711 1334 763 1387 ost
783 1348 832 1386 κα
848 1327 874 1392 ²1
897 1334 930 1388 et
952 1323 1075 1414 utique
1098 1327 1133 1389 in

51 1421 223 1507 purioribus
245 1421 383 1488 Doridis
414 1422 561 1489 lontibus
587 1423 763 1514 reperitur.
821 1424 968 1490 Atticum
1000 1427 1037 1490 riv
1066 1449 1133 1492 non

51 1536 87 1588 ost
112 1524 177 1589 nisi
211 1524 245 1590 in
279 1525 385 1592 titulis
418 1525 628 1608 recentibus,
673 1537 709 1589 nt
743 1531 801 1600 ἕως
830 1526 866 1590 ἄν
896 1527 999 1594 Plroc.
1024 1530 1065 1595 73
1088 1529 1132 1594 R.

50 1623 101 1692 Vix
121 1627 208 1712 enim
230 1639 317 1692 reete
341 1627 378 1690 dr
398 1648 459 1715 pro
482 1625 536 1690 ε’άν
564 1650 581 1691 a
604 1625 773 1692 Boeolrlrio
794 1627 941 1716 agnitum
964 1641 1015 1694 eat
1037 1633 1070 1695 in
1093 1631 1134 1696 ti·

49 1729 114 1795 tulis
137 1753 203 1795 nou
226 1729 356 1795 infimae
378 1728 513 1814 aetatis,
536 1730 677 1818 primum
696 1729 864 1795 Laconico
886 1753 937 1795 nr.
955 1731 1052 1814 1331,
1075 1733 1133 1822 qui

48 1832 218 1922 corruptior
239 1844 272 1897 et
292 1831 473 1898 mutilatior
495 1844 565 1916 est,
602 1855 700 1921 quam
721 1843 759 1896 ut
781 1831 959 1922 quidquam
980 1833 1059 1899 inde
1081 1835 1134 1899 iu·

47 1936 185 2026 telligere
207 1934 338 2024 possis,
362 1933 482 2000 deinde
502 1935 537 1998 iu
555 1932 669 2000 Aetol.
685 1932 772 2000 2350
791 1932 865 2009 τοὺς
888 1933 1053 2019 συνέδρους
1074 1960 1134 2001 αα-

46 2037 256 2112 ταδικάζοντας
276 2038 343 2112 τοῖς
363 2039 473 2111 Κείοις
492 2035 548 2100 τάν
568 2073 610 2083 -
639 2039 770 2118 ζαμίαν,
805 2036 843 2121 ἄν
864 2063 905 2101 κα
928 2035 1133 2119 δοκιμάζοντι

46 2143 160 2225 κυρίους
181 2137 282 2221 εἶμεν,
315 2137 405 2228 qnod
426 2138 614 2205 Boeelalrius
636 2139 752 2205 vertit:
788 2139 990 2229 synedris
1013 2151 1133 2230 pote·

46 2254 123 2309 stas
147 2251 238 2308 esto
264 2239 364 2307 Ceis
387 2242 557 2308 multam
579 2240 880 2328 adjudicandi,
911 2253 1132 2332 postquam

43 2344 374 2412 examinaverint
399 2341 597 2410 damnum.
641 2343 689 2409 At
711 2368 750 2410 eo
773 2369 874 2412 sensu
897 2347 963 2410 ἐπεί
983 2371 1023 2409 να
1047 2347 1134 2412 δοκι-

41 2448 167 2528 aarum
196 2447 299 2513 scribi
329 2446 487 2531 debebat,
519 2459 553 2513 et
573 2445 676 2513 multo
698 2447 820 2513 melius
840 2447 934 2537 leges
957 2447 996 2531 ily
1018 2474 1059 2511 κα
1082 2451 1133 2513 do-

41 2553 203 2635 κιμάζοντι
225 2574 308 2616 eam
330 2550 518 2633 multam,
544 2571 663 2639 quam
681 2547 843 2633 justam
861 2548 1131 2634 judicabunt.
1215 2601 1218 2608 .

39 2649 204 2720 Postremo
227 2654 350 2742 Delph.
375 2649 460 2719 1706
480 2651 597 2733 inrepat
619 2648 712 2714 ἰόντα
735 2653 814 2731 μναῖν
833 2648 1002 2734 τριάκοντα
1022 2651 1135 2716 Σελεύ-

39 2781 73 2838 κῳ
96 2753 272 2838 Σελεύκου,
298 2756 336 2830 ἂς
357 2756 509 2830 Σέλευκος
530 2753 625 2832 dela,
648 2752 707 2817 ulri
728 2751 916 2819 Boeelahiua
939 2752 977 2828 ἅς
997 2777 1057 2842 per
1081 2779 1134 2820 as-

37 2857 263 2926 similationem
285 2881 346 2948 pro
369 2857 406 2920 ίίν
427 2855 452 2922 i.
472 2879 502 2921 e.
528 2854 581 2920 ἐάν
604 2879 678 2921 esse
699 2855 789 2934 vult,
813 2856 936 2922 rectius
959 2856 1134 2945 scripseris

37 2957 66 3035 ἇς
89 2962 245 3035 Σέλευκος
264 2961 341 3037 dela
365 2959 389 3023 i.
414 2983 443 3026 e.
469 2957 628 3026 Seleucus
650 2958 691 3024 ab
713 2958 756 3024 iis
778 2957 914 3048 triginta
935 2958 1043 3025 minas
1065 2959 1133 3027 exi·
1253 2963 1256 2970 ’

35 3062 132 3149 pendi
160 3062 220 3148 jus
250 3063 388 3146 habeto,
425 3061 580 3151 quamdiu
612 3061 701 3128 volet
733 3059 787 3138 (ἇς
815 3083 890 3126 eum
921 3062 1133 3147 conjunctivo

32 3161 177 3254 Lysistr.
203 3161 294 3248 173).
340 3163 537 3253 Epiolrarmo
558 3163 601 3230 λε.
625 3164 668 3231 79
694 3161 765 3231 οὐδ’
788 3163 825 3227 νίν
848 3161 891 3238 είς
911 3186 972 3251 pro
995 3162 1067 3229 οὐδὲ
1089 3165 1134 3242 είς

30 3263 139 3332 liatus
168 3265 293 3332 vitandi
323 3290 421 3332 eausa
449 3265 606 3331 donatum
633 3288 708 3332 esse
736 3264 879 3332 videtur.
935 3264 1039 3356 Apud
1071 3265 1134 3332 So-

27 3369 190 3454 phronam
214 3369 256 3432 ir.
279 3368 323 3435 94
344 3369 382 3434 ἄν
403 3368 428 3434 i.
453 3393 484 3434 e.
507 3367 648 3434 idunan
669 3377 758 3432 reete
780 3391 797 3431 a
820 3365 924 3431 Suida
946 3366 1061 3451 tradi‚'
1079 3392 1134 3434 va·

27 3469 125 3536 rietes
158 3469 319 3536 Photiana
346 3471 470 3559 prodit.
526 3471 567 3535 ln
589 3469 775 3558 Lysistratus
802 3479 835 3534 et
860 3468 1133 3537 Acharuensiltus

25 3570 162 3637 laeilius
182 3572 375 3640 toleraveris
397 3571 548 3636 Atticum
570 3571 607 3634 ἄν
628 3570 753 3635 Dorico
775 3571 921 3636 sermoni
942 3572 1133 3659 obtrusum

24 3672 84 3740 aed
108 3697 154 3739 ne
177 3673 231 3739 laio
254 3675 388 3764 quidem
421 3695 559 3762 usquam
583 3672 661 3758 jure
683 3672 751 3762 legi
771 3672 913 3738 videtur.
957 3671 1041 3739 Nam
1064 3674 1133 3765 Ly·

23 3776 116 3841 sistr.
144 3777 206 3842 171
241 3780 286 3840 πᾶ
308 3779 364 3840 καί
383 3801 430 3850 τις
453 3774 490 3838 ἄν
511 3775 644 3838 πείσειεν
667 3770 708 3837 αὖ
729 3772 770 3857 μή
794 3776 945 3852 πλαδδίην
966 3786 1040 3865 apto
1061 3801 1133 3843 mu·

20 3877 110 3944 tabis
134 3879 173 3944 in
195 3883 241 3962 πᾷ
262 3878 303 3943 κά
323 3905 371 3954 τις
393 3876 585 3974 ἀμπείσειεν,
621 3901 651 3942 v.
677 3874 762 3944 1080
788 3881 817 3940 τί
846 3876 904 3940 κᾶν
924 3877 1006 3968 λε’χον
1027 3905 1075 3955 τις
1096 3879 1132 3946 iu

50 4133 82 4197 2)
125 4133 203 4185 Anu.
223 4130 350 4193 Oxx.1,
370 4131 435 4192 loo,
456 4133 480 4186 l.
517 4151 542 4183 κε
566 4129 718 4192 σύνδεσμος·
745 4128 771 4186 oi
790 4129 897 4202 Δωριεῖς
919 4127 939 4201 ἢ
955 4129 1023 4193 μετὰ
1045 4133 1132 4186 τοῦδ

17 4219 128 4283 λέγουσι
146 4216 169 4288 ἢ
186 4221 272 4289 τροπῇ
289 4218 339 4269 τοῦ
357 4217 370 4267 ἓ
388 4213 422 4273 είς
440 4217 467 4266 ἃ.
495 4245 528 4256 -
563 4217 700 4287 Apollon.
721 4217 757 4271 de
774 4216 838 4270 adv.
857 4219 918 4272 6⁰4.
954 4213 969 4270 t
993 4219 1019 4272 ai
1043 4217 1131 4274 uttr-

17 4321 79 4368 εμος
100 4308 149 4358 κόν
166 4302 228 4358 ἐσθ’
249 4300 292 4362 ὅτε
310 4303 412 4370 λέγεται
428 4300 504 4376 παρὰ
522 4303 724 4378 Δωριεῦσιν.
