2754 4818
379 305 439 382 Ad
463 305 627 384 Librum
656 307 876 386 Secundum.
1101 309 1179 392 567

74 511 118 595 1,
154 509 338 596 'duspolim
363 507 486 599 legitur
516 510 552 580 in
579 509 733 601 plurimis
764 509 869 582 titulis
896 508 1059 584 theraei·
1086 514 1174 608 apnd

74 613 232 680 Rossium
262 636 314 679 nr.
336 612 519 682 203-218.

158 739 263 808 lhid.
295 764 354 806 nr.
377 741 410 808 8.
454 741 495 808 lu
516 739 614 829 titulo
635 739 797 807 Alaealuo
817 740 885 809 lota
906 741 1066 810 omissum
1088 756 1175 813 aeta-

71 845 117 910 tis
136 843 238 910 luerit
256 853 294 909 ut
313 841 350 907 in
372 843 525 933 Astypal.
543 841 642 928 2485,
665 841 723 934 qui
746 866 776 908 a.
795 843 856 910 195
877 867 909 910 a.
926 841 1005 911 Chr.
1030 847 1175 939 scriptus

71 959 134 1013 est.
190 945 240 1012 Ea
269 943 359 1011 enim
388 954 492 1011 aetate
522 944 608 1010 illud
636 945 863 1037 negligentiae
893 969 1000 1034 genus
1031 949 1175 1039 grassari

69 1059 223 1138 coeperat
246 1047 314 1113 vid.
338 1045 457 1112 Franz.
482 1046 601 1139 Epigr.
634 1071 669 1138 p.
693 1047 768 1115 155.
791 1049 866 1116 233.

156 1177 253 1266 Pag.
278 1175 339 1242 191
370 1175 395 1241 l.
419 1175 473 1244 18.
517 1175 644 1243 Eodem
667 1175 862 1242 Huschhius
884 1175 926 1242 de
947 1177 1060 1246 Annio
1083 1181 1174 1248 Cim·

66 1277 130 1344 hro
150 1303 184 1369 p.
202 1277 242 1344 31
265 1278 380 1345 retulit
398 1283 481 1362 παῖς,
506 1279 595 1370 quod
617 1280 653 1342 iu
675 1279 732 1344 Et.
755 1278 804 1346 M.
824 1267 910 1360 651,
933 1281 956 1348 4
978 1281 1087 1348 etEt.
1110 1282 1171 1350 Or.

67 1379 219 1463 136,15
250 1405 269 1446 a
293 1381 512 1472 Syracusanis
539 1403 601 1471 pro
629 1379 733 1463 πατήρ
764 1380 888 1446 dietum
915 1405 989 1449 csse
1017 1385 1170 1452 traditur.

55 1477 156 1548 ‘Male
179 1490 287 1547 tamen
311 1506 387 1549 cum
407 1479 629 1548 Valckenario
651 1482 692 1546 ad
714 1481 876 1548 Herodot.
899 1482 961 1549 lv.
993 1510 1028 1575 p.
1055 1487 1119 1555 307
1139 1495 1173 1555 et

65 1583 110 1650 ad
137 1584 249 1650 Adon.
284 1609 318 1676 p.
343 1584 407 1652 382
433 1587 480 1648 πᾶ
507 1580 609 1650 scribi
635 1583 752 1671 juhet3
795 1607 872 1650 nam
901 1583 941 1649 de
968 1588 1174 1658 nominativo

64 1692 148 1766 πᾶς,
182 1711 258 1778 gen.
282 1691 329 1751 πᾶ
349 1697 478 1754 constat
504 1697 672 1777 praeterea
699 1711 718 1754 e
741 1684 974 1754 Choerohosco
994 1688 1100 1755 Behh.
1132 1715 1169 1781 p.

64 1791 170 1874 1181,
193 1790 339 1868 Arcadio
362 1815 397 1882 p.
421 1789 503 1873 125,
526 1788 589 1875 17,
620 1787 676 1856 Et.
701 1789 791 1855 Gud.
814 1787 898 1874 451,
921 1788 939 1856 1
962 1798 996 1857 et
1015 1789 1169 1859 Eustath.

63 1891 129 1960 565
150 1891 199 1958 in.
244 1893 348 1985 Apud
368 1892 574 1982 Aeschylum
597 1889 716 1983 Suppl.
736 1891 812 1960 869.
832 1891 897 1960 876
918 1915 979 1983 pro
1002 1887 1029 1956 oi
1049 1897 1094 1978 βᾶ
1112 1897 1171 1976 γᾶς

62 1997 125 2060 παῖ
151 1998 215 2060 Ζεῦ
249 2020 268 2061 c
296 1995 423 2063 scholio
455 1990 482 2058 ὦ
509 1993 606 2079 πάτερ
637 1997 722 2074 Ζεῦ,
755 1997 813 2078 γῆς
845 1995 906 2060 παῖ
928 1995 1170 2064 Valckenarius

61 2096 237 2189 proposuit
259 2093 287 2162 oi
307 2101 368 2162 παῖ
386 2101 444 2182 γᾶς
464 2099 510 2162 noi
530 2100 614 2176 Ζεῦ,
638 2120 740 2187 quum
760 2095 862 2187 vulgo
883 2096 1056 2188 Scaligero
1077 2102 1170 2190 prie-

61 2210 163 2278 euute
184 2205 229 2284 βᾶ
250 2225 268 2266 e
290 2203 421 2285 βασιλεῦ
442 2200 646 2266 decurtatum
667 2210 812 2289 putetur.
879 2199 967 2268 Nolo
988 2201 1170 2293 quidquam

62 2303 244 2388 affirmarc3
290 2301 516 2394 suspicionem
543 2311 652 2367 tamen
674 2301 837 2392 quandam
858 2301 1017 2391 injiciunt
1036 2303 1170 2391 glossae

61 2405 314 2494 Hesychianac=
354 2407 540 2490 Βαγαῖος
567 2443 610 2458 -
640 2402 720 2481 Ζεὺς
747 2404 888 2492 Φρύγιος
918 2417 952 2472 et
978 2403 1168 2494 Μαζεύς,

61 2510 78 2573 ὀ
102 2507 183 2584 Ζεὺς
204 2506 295 2590 παρὰ
315 2509 427 2592 Φρυξί.
474 2504 567 2589 Quid
588 2505 698 2590 cnih,
729 2506 759 2572 si
779 2506 970 2598 Aeschylus
991 2507 1170 2598 peregrina

61 2609 116 2675 dci
138 2611 270 2676 nomino
292 2620 427 2702 captans
449 2606 622 2700 scripserit
645 2601 672 2672 oi
692 2612 814 2692 Buyuis
834 2613 950 2686 Μαζεῦ
971 2620 1028 2675 out
1050 2603 1077 2673 oi
1097 2616 1169 2674 Βα-

60 2714 130 2797 γαῒε
151 2715 196 2777 uei
218 2713 305 2778 Zori'l
329 2751 369 2762 -
412 2711 541 2778 Ibidem
562 2735 594 2776 v.
610 2711 685 2778 867.
708 2711 773 2778 876
796 2706 822 2775 ὦ
842 2715 887 2795 μᾶ
907 2715 948 2794 γᾶ
970 2712 1096 2779 scholia
1117 2712 1167 2778 in·

59 2825 282 2905 terpretantur
310 2809 337 2878 oi
361 2817 458 2902 μῆτερ
483 2819 524 2899 γῆ
545 2827 579 2880 et
598 2814 795 2879 Eustathius
816 2836 950 2906 quoque
971 2815 998 2880 l.
1020 2814 1046 2881 l.
1072 2814 1169 2882 docet

59 2922 105 3002 μᾶ
124 2940 185 3008 pro
205 2917 308 3002 μήτηρ
332 2940 416 2982 esse.
484 2915 595 3002 Quare
624 2927 714 2983 reete
742 2914 830 3006 apud
849 2915 1063 2984 Theocritum
1084 2916 1166 3002 XV,

56 3021 101 3089 89
122 3019 210 3086 idem
232 3044 314 3087 usus
336 3020 547 3110 agnoscitur,
585 3044 687 3109 quum
711 3019 861 3086 scholion
883 3043 902 3084 a
924 3017 1125 3085 liuhuheuio
1147 3041 1166 3085 c

56 3124 174 3190 codice
202 3123 388 3189 Parisieusi
417 3121 581 3213 proditum
609 3122 644 3189 ad
675 3126 721 3207 μᾶ
752 3121 840 3186 dicat
866 3120 1087 3205 Συρακούσιον
1114 3123 1167 3186 ἐπὶ

55 3225 298 3310 ἀγανακτήσεως
319 3225 490 3310 λεγόμενον.
548 3224 640 3290 Bene
662 3223 752 3288 euim
771 3221 1013 3288 Valckenarius
1035 3246 1164 3312 compa·

53 3328 143 3396 ravit
162 3325 312 3415 Δάματερ
342 3329 422 3396 item
449 3328 488 3394 in
516 3324 782 3412 interjectionem
810 3346 953 3390 versum.
1007 3324 1163 3393 Ceterum

51 3434 101 3515 μᾶ
122 3456 198 3497 eum
219 3434 297 3515 μαῖα
318 3429 574 3522 comparandum
596 3437 647 3494 est
667 3436 705 3491 ut
725 3430 767 3511 γᾶ
788 3447 862 3492 cum
883 3429 970 3511 γαΐα.
993 3464 1035 3477 -
1087 3425 1164 3495 Jam

51 3558 135 3600 vero
157 3533 318 3602 credibile
342 3545 413 3618 est,
456 3528 668 3597 brevissimas
691 3529 769 3596 illas
791 3531 927 3598 voculas
954 3533 1018 3606 πᾶς
1047 3540 1081 3597 et
1105 3531 1163 3614 μᾶ,

52 3660 144 3728 quae
172 3636 295 3704 rectius
317 3631 582 3727 simplicissimas
605 3633 726 3724 stirpes
747 3633 903 3700 exhihere
925 3656 1022 3725 qnam
1045 3653 1163 3723 spoco·

51 3763 98 3830 pe
116 3740 258 3830 quadam
276 3745 347 3806 ort'a
367 3747 546 3830 putantur,
570 3736 656 3828 apud
678 3736 813 3804 Siculos
833 3735 1044 3827 potissimum
1066 3758 1163 3802 usur·

48 3853 147 3932 patos
171 3855 204 3908 et
224 3843 365 3909 fortasse
386 3843 473 3932 apud
499 3839 706 3931 Sophronem
727 3839 829 3906 lectas
853 3829 980 3905 fuisse-¹
1023 3836 1162 3908 ESici·

47 3945 100 4012 lia
122 3968 199 4014 cum
222 3944 297 4012 aliis
319 3967 386 4011 nou
407 3943 523 4035 paucis
545 3942 735 4032 Aeschylus
756 3941 951 4032 apportavit.

141 4091 240 4180 Peg.
265 4092 329 4162 194
356 4093 382 4160 l·
404 4093 438 4160 9.
484 4092 639 4160 Attamen
660 4092 768 4176 χρυσῷ
790 4085 931 4173 στεφάνῳ
951 4086 1077 4178 legitur
1098 4084 1160 4156 Ce-

46 4197 160 4286 lymn.
182 4194 308 4271 2671.ιλ
