2746 4818
220 377 299 458 ³86
522 373 556 467 1.
579 373 641 451 46.
692 372 809 449 Varia
831 369 1019 470 quaedam.

224 583 276 649 11.
322 574 527 645 Laconicam
550 577 661 660 ιἰιέιαρ
690 575 733 641 ab
756 573 924 666 Hespebio
946 571 1132 663 explicatur
1155 576 1199 650 εἰς
1218 571 1317 657 rudp-

222 711 296 762 την,
331 691 369 747 ut
388 676 592 771 praepositio
614 679 666 742 ἐπὶ
687 677 825 744 eandem
853 677 920 745 vim
950 674 1089 760 babeat,
1124 698 1223 767 quarn
1251 674 1317 759 paud

222 787 258 851 in
279 781 464 869 μειούριοο,
487 779 694 870 perendie
715 780 760 844 of.
784 779 873 870 apud
895 777 1037 844 eundem
1059 779 1189 856 ὕπιιες,
1214 782 1256 854 εἰς
1275 801 1318 841 ιι-

222 885 350 972 τᾶριηι.
397 883 561 973 Corrupto
582 886 640 961 ιῆς
661 881 822 949 Doricum
844 881 967 948 dieitur
981 876 1009 967 ⁷)
1032 903 1093 970 pao
1115 879 1208 959 ἔνης,
1232 877 1319 965 eujus

223 988 260 1053 in
288 988 400 1055 loeum
430 988 497 1061 ιᾶς-
515 983 757 1053 restituendum
786 1007 859 1050 asse
886 984 1028 1051 videtur.
1085 980 1241 1048 Ceterum
1270 981 1321 1048 vix

224 1089 363 1155 dubium
393 1097 463 1170 est,
495 1086 576 1176 quin
606 1085 680 1166 ἕνης
701 1097 734 1178 et
755 1085 826 1160 ἕνας
845 1083 927 1151 olim
947 1085 1075 1175 primae
1096 1080 1322 1150 declinationis

227 1189 367 1282 genitivi
395 1187 542 1274 luerint,
574 1188 620 1253 ita
641 1199 756 1278 postea
776 1189 813 1253 in
835 1185 1066 1254 adverbiorum
1088 1196 1239 1252 naturam
1260 1207 1323 1254 nru-

183 1350 187 1364 .
221 1293 306 1376 tati,
330 1303 367 1357 ut
387 1291 484 1357 etiarn
508 1313 583 1357 eum
603 1288 850 1381 praepositione
870 1291 914 1364 εἰς
931 1288 1034 1380 jungi
1054 1287 1235 1378 potuerint.

311 1389 369 1476 11)
412 1391 499 1461 Mira
520 1393 624 1459 forma
646 1392 750 1458 utitur
771 1391 961 1459 adverbium
984 1393 1121 1455 διπλεῖ
1139 1389 1275 1456 Herael.
1297 1387 1321 1472 l,

226 1497 267 1564 61
292 1497 346 1563 vel
368 1496 485 1574 διπλῆ
508 1494 645 1585 Corepr.
670 1494 775 1578 1845,
805 1518 907 1586 quum
931 1496 1024 1574 διπλοῖ
1043 1492 1264 1583 postulemus.

704 1705 752 1790 -ξ,
783 1705 839 1775 46.

606 1861 719 1911 varra
744 1860 946 1924 quaeram.

313 2013 347 2093 1)
390 2009 500 2075 Pauca
531 2007 690 2097 quaedam
726 2006 930 2074 substantiva
959 2007 1026 2073 alio
1057 2031 1218 2096 genere
1248 2009 1325 2100 apud

227 2113 411 2180 Dorienses
433 2119 573 2176 utuntur
592 2119 691 2198 atque
711 2108 747 2174 in
769 2109 900 2200 vulgari
927 2109 1055 2198 lingua.
1103 2111 1257 2180 Primum
1285 2113 1325 2178 le·

227 2213 391 2284 mininum
416 2235 477 2302 pro
507 2209 690 2278 masculino
720 2222 769 2276 est
798 2209 932 2294 λιμός,
968 2223 1005 2276 ut
1032 2212 1181 2280 Acheru.
1206 2215 1271 2283 709
1297 2214 1325 2280 in

94 2341 114 2400 ,¹
158 2381 163 2392 ,
203 2312 435 2412 ,Μοθοιοιιιίο
466 2311 614 2379 oratione
643 2315 700 2387 ιᾶς
728 2316 836 2394 λιμοῦ,
869 2337 968 2404 quem
995 2312 1106 2382 locum
1137 2328 1290 2407 spectant
1307 2316 1327 2381 ii

229 2416 432 2508 grammatici
449 2419 494 2494 ¹),
527 2414 585 2504 qui
614 2412 768 2480 feminini
795 2438 892 2480 usum
912 2414 1075 2482 Doricum
1098 2417 1224 2484 dieunt.
1268 2420 1325 2486 De·

227 2522 307 2588 inde
329 2518 548 2587 masculinum
569 2539 631 2608 pro
654 2515 816 2582 feminino
837 2527 890 2584 eat
920 2519 938 2584 ὁ
968 2517 1125 2604 φάρυγξ
1154 2521 1278 2610 Epieb.
1299 2523 1326 2604 9,

149 2693 153 2704 ,
229 2647 327 2716 quem
349 2623 460 2689 loeum
482 2619 739 2708 athryniebns
762 2618 950 2709 siguificare
971 2620 1121 2706 videtur,
1145 2647 1251 2714 quum
1272 2647 1329 2692 nra·

231 2725 395 2792 seulinnm
424 2746 532 2812 genus
560 2721 760 2811 Epicharmo
789 2721 927 2806 tribuit,
968 2733 1002 2789 et
1028 2723 1087 2790 alii
1116 2727 1328 2816 grammatici,
1363 2719 1364 2780 l

229 2851 332 2944 quum
345 2822 569 2892 Doriensibua
584 2823 632 2909 ²)-
656 2834 799 2894 eeteaum
820 2821 997 2890 masculini
1017 2849 1116 2893 usum
1129 2827 1248 2896 Atthis
1270 2852 1330 2898 uon

230 2927 365 2996 omnino
386 2926 541 2992 abhorret
560 2871 634 2992 vidi
652 2926 800 2993 Lobeels.
824 2925 867 2992 ad
886 2926 1068 3018 Pbryuiob.
1059 2954 1126 3021 ..p
1151 2931 1208 2998 65.
1256 2933 1330 3000 Ter·

230 3029 369 3096 minatio
390 3027 491 3096 simul
513 3035 634 3102 munta
655 3039 707 3094 est
727 3027 763 3093 in
784 3029 803 3094 ὁ
824 3028 1003 3116 obtine,
1024 3055 1091 3122 quo
1113 3030 1333 3124 Epicharmus

231 3289 336 3346 nonsit
353 3302 439 3354 cras,
458 3287 509 3342 sed
523 3285 710 3357 perendie.
733 3285 794 3340 Nos
804 3299 866 3338 cun
876 3283 921 3338 bis
930 3299 1095 3354 comparare
1104 3287 1248 3346 melanas
1265 3289 1331 3352 οἵοις,

231 3377 266 3438 ,εἰς
282 3375 390 3448 οὔριοι·
418 3374 531 3442 Βοιοιο1
547 3383 576 3428 et
592 3375 666 3434 ἔισας
684 3373 702 3426 i.
712 3389 738 3426 e.
757 3371 796 3432 1ο
811 3369 845 3432 ata
862 3373 926 3440 (pm
943 3369 968 3431 tr
985 3369 1048 3438 dae)
1065 3371 1212 3430 Creticum
1227 3379 1332 3434 velds-

173 3451 183 3466 “
230 3465 327 3534 &vum
351 3460 487 3516 babemus
511 3459 568 3516 vid.
590 3462 612 3528 1.
634 3461 683 3526 11,
709 3458 779 3518 εἴδοις
803 3474 842 3511 ex
865 3459 934 3518 strue
952 3469 1116 3529 corruptum
1133 3462 1334 3520 existimas

267 3553 295 3619 l)
330 3545 687 3604 8ο11011.Αιίει.ΑοΙιοιιι.
709 3545 861 3613 141009).
895 3546 1003 3620 Δωριεῖς
1024 3548 1052 3600 dt
1075 3550 1151 3618 θῆλυ
1169 3553 1278 3620 ttyaua
1267 3551 1334 3622 rip

230 3635 315 3702 λιμόν.
350 3634 396 3690 Et
416 3633 457 3688 M
476 3635 541 3697 566,
561 3636 601 3687 lo.
636 3631 713 3704 παρὰ
737 3634 784 3696 μὲν
804 3635 859 3692 rode
872 3629 1067 3702 uenimus
1048 3653 1136 3707 αρσιιι
1137 3641 1187 3696 οῦς
1204 3637 1363 3707 alrami

230 3721 318 3788 λιμός,
342 3717 420 3793 παρὰ
445 3720 473 3773 dl
497 3723 551 3778 τοῖς
567 3717 696 3793 Δωριεῦσι
686 3717 981 3789 ιθηλυκῶςῆλιμός,
1008 3721 1043 3774 cl.
1061 3723 1109 3778 Et.
1127 3723 1208 3778 Gud
1225 3731 1294 3796 371,
1314 3731 1334 3780 1.
1362 3697 1363 3798 l

230 3809 266 3862 In
283 3803 480 3878 Etymologici
507 3805 570 3860 cod.
589 3807 655 3861 Par.
672 3807 724 3863 316
747 3815 819 3861 teste
836 3805 989 3862 Bekkero
984 3817 1070 3878 post
1075 3809 1121 3864 Et
1142 3811 1220 3866 Gud
1238 3831 1268 3884 p.
1289 3807 1363 3870 951

231 3893 312 3949 locus
330 3892 556 3963 Aristophaneus
571 3891 686 3948 additus
700 3901 754 3950 est.

266 3982 295 4050 2)
331 3979 491 4050 Pbrynlcb.
517 3997 545 4050 p.
564 3982 608 4046 65.
635 3977 661 4038 ,ὁ
683 3979 787 4052 φάρυγξ
807 3967 943 4054 vipernensis
963 3982 1012 4046 plo
1028 3980 1191 4056 Ἐπὶχιιρμος
1215 3990 1300 4056 atqu,
1324 3985 1337 4040 d

231 4070 260 4123 dt
274 4063 391 4125 Ἀττικὸς
408 4060 426 4135 ἡ
445 4063 547 4140 φάρυγξ
570 4077 599 4120 οι
621 4066 758 4124 similiter
775 4067 973 4145 Thomltlrag.
1002 4085 1030 4139 p.
1049 4072 1109 4126 511.
1145 4073 1194 4128 lu.
1215 4077 1258 4132 bl.
1279 4078 1337 4138 181,

231 4159 275 4212 37.
304 4154 428 4224 θηλυκῶς
444 4154 545 4217 μᾶλλον
562 4153 639 4208 εἴωθε
658 4154 796 4220 λέγεσθαι,
819 4151 895 4220 daut
909 4153 1024 4210 Ἀττικοὶ
1039 4160 1170 4230 χρ1ηω’
1199 4159 1339 4238 ἅρσεοιιός

156 4259 158 4272 ·
231 4243 260 4296 u
277 4239 303 4296 ot
318 4239 426 4314 Δωριεῖς
443 4241 626 4315 προφέρουσιν.
651 4239 801 4299 ''Similiter
818 4242 959 4300 Cboerob.
978 4244 1015 4302 ad
1033 4245 1146 4306 Theou.
1164 4249 1217 4318 89,
1236 4255 1263 4308 9.
