2726 4820
295 349 329 442 §.
356 351 416 426 30.
470 353 527 424 Do
553 349 794 424 declinatione
818 341 881 420 ΙΙΙ.
1064 347 1141 422 229

15 449 17 492 l

72 549 166 619 deutur
183 559 373 639 ιραιιεζητᾶν
395 559 492 620 nunde
513 555 605 643 Ibyc.
628 553 692 637 40,
730 555 786 617 πᾶν
816 555 907 636 οιίγᾶν
927 550 1070 616 Theocr-
1094 549 1140 632 V,

15 747 16 750 Ἴ
70 653 133 734 145,
161 661 212 719 τᾶν
232 661 342 722 λευκᾶν
365 660 453 740 αἰγᾶν
474 656 579 740 VIII,
602 657 645 722 49
665 679 726 743 pro
749 659 871 730 κυνῶν,
906 657 1024 737 αἰγοῖν,
1058 673 1142 740 quaa

15 783 17 786 ·
69 754 146 821 heile
170 783 186 822 a
215 758 361 824 librariis
390 759 431 824 ad
462 758 642 824 vicinarum
662 755 928 822 terminationum
952 752 1142 818 similitudi·

67 879 126 921 nem
145 861 336 927 conformari
358 870 519 950 poteraut.
577 859 616 928 si
636 872 743 939 tamen
767 870 844 923 aunt
865 857 906 922 ah
928 857 1013 946 ipsis
1035 854 1143 944 podiis
1176 856 1180 867 '

15 1023 17 1026 .
65 960 209 1047 pmlecta,
231 975 318 1029 certe
341 962 424 1028 nihil
447 976 498 1028 est
519 987 579 1028 cur
598 961 722 1026 Dorica
744 960 983 1027 existimemus.

16 1095 17 1100 ¹
131 1063 163 1146 3)
204 1065 391 1131 Dativus
421 1065 606 1155 pluralis
637 1064 737 1151 vulgo
768 1063 804 1126 in
837 1061 943 1127 titulis
973 1061 1143 1150 vulgarem

15 1169 19 1188 ⁸
66 1165 306 1234 terminationem
329 1169 406 1248 σι(ν)
429 1189 494 1232 nou
509 1166 686 1256 relinquit,
711 1190 795 1254 quae
815 1164 938 1252 legitur
953 1164 988 1228 in
1002 1162 1143 1251 Tegeat.

15 1273 18 1308 ἴ
65 1264 156 1334 Rhod.
178 1271 282 1336 Ther.
303 1269 519 1354 Messenae,
544 1269 681 1357 Corcyr.
705 1267 808 1350 1845,
831 1267 884 1334 60.
909 1267 951 1333 93
975 1267 1143 1347 αἱρεθεῖσι,

66 1365 139 1436 Cret.
160 1373 247 1440 2556
268 1375 395 1436 διδῶσιν
426 1386 459 1438 et
487 1371 708 1459 προγεγονόσι,
744 1369 828 1438 2555
852 1367 1028 1452 adoptator,
1061 1365 1146 1432 2558

69 1471 193 1556 ἕῖιάγωσι
214 1487 248 1541 et
269 1473 403 1558 ἐξάγωσι
433 1473 484 1558 (iu
507 1473 627 1564 quihus
651 1499 674 1536 ω
697 1497 756 1561 pro
780 1497 815 1536 ou
838 1481 889 1536 eet
910 1469 1089 1535 secundum
1111 1467 1143 1550 ἕ.

64 1571 114 1658 20,
133 1578 165 1644 2.
188 1575 248 1665 h),
283 1601 343 1644 nec
366 1575 476 1642 miuus
497 1578 603 1662 χερσίν
624 1574 709 1662 apud
733 1573 938 1661 Sophro'uem
962 1571 1003 1635 lr.
1025 1570 1079 1635 05.
1104 1611 1144 1622 -

66 1671 196 1766 Longior
225 1678 412 1746 terminatio
441 1678 583 1760 eout(r)
619 1677 689 1743 sola
718 1686 835 1764 regnat
856 1674 891 1738 iu
913 1673 1044 1738 decreto
1066 1673 1146 1736 Am·

67 1777 261 1868 phietyouum
282 1806 333 1846 nr.
362 1781 464 1861 1088,
488 1780 591 1845 ubil.
616 1780 657 1845 39
679 1774 956 1860 ἱερομναμόνισσι,
980 1774 1003 1838 l.
1026 1777 1080 1840 21.
1104 1775 1147 1838 44

65 1879 218 1968 πάντεσσι,
255 1907 396 1974 quocum
428 1883 577 1948 conferas
598 1881 748 1944 πάντεσσι
769 1878 804 1941 in
827 1877 960 1942 oraculo
982 1874 1147 1964 Delphico

15 2031 17 2038 .
62 1986 130 2070 aput
151 1988 420 2054 Demosthenem
433 1983 517 2050 Mid.
541 2001 574 2072 p.
595 1982 676 2068 5313
700 1980 818 2046 deinde
841 1980 874 2043 in
899 1977 1036 2065 Corcyr.
1050 1975 1145 2057 1845,

62 2082 102 2150 39.
123 2089 163 2155 63
183 2088 405 2173 Ἀρμάτεσσι,
442 2086 507 2153 loci
529 2085 698 2171 cujusdam
721 2080 897 2174 appellatio
919 2079 1055 2146 candem
1078 2101 1147 2144 ear·

15 2417 17 2422 ,
61 2357 116 2405 pua,
133 2374 164 2384 -
194 2339 530 2405 Λαοὶτοξογίσιονις
549 2333 689 2386 duodece
708 2326 1147 2405 Σιορηνάων,Ἐπίγονρμος.

15 2431 18 2450 *’
62 2427 162 2484 raideri
178 2437 235 2484 τῶν
253 2429 288 2488 εἰς
308 2431 345 2487 ὅς’
355 2443 361 2458 ·
397 2425 496 2477 καλοὶ
517 2422 645 2491 enodare
670 2419 816 2491 decipere.
845 2449 873 2460 -
913 2413 1150 2470 Schneidewimts

60 2528 155 2570 versum
182 2519 316 2574 Sirenum
342 2513 453 2568 tabulae
479 2509 636 2564 addendum
663 2506 770 2560 cenauit
794 2514 857 2575 post
874 2501 999 2556 Eustath.
1021 2501 1150 2556 Prooem.

15 2625 17 2632 ’
59 2607 138 2671 1553,
158 2619 319 2673 quanquam
340 2601 517 2654 heroicorum
538 2609 663 2649 versuum
683 2593 718 2646 ab
737 2591 908 2661 Epicharmo
926 2587 1152 2642 interminorum

56 2691 153 2744 nullum
174 2691 257 2746 atiud
277 2689 425 2754 vestigium
445 2695 539 2760 extat..
575 2683 612 2736 Et
637 2683 700 2749 ipse
724 2677 867 2748 genitivus
884 2673 1035 2750 Σενρηνάων
1056 2690 1073 2728 a
1091 2673 1151 2728 Do-

56 2777 107 2832 rica
130 2778 301 2846 Epicharmi
326 2775 464 2834 dialecto,
499 2787 571 2838 quae
596 2785 631 2821 ne
656 2767 685 2819 in
711 2765 802 2835 prima
826 2764 941 2830 nitidem
962 2759 1151 2814 declinatione

57 2880 106 2916 eam
125 2864 352 2920 terminationem
372 2859 512 2925 admittit,
532 2854 705 2910 alienissima
725 2863 773 2906 est.
811 2849 950 2904 Convenit
967 2847 1151 2910 Callimacho,

54 2953 96 3017 qui
113 2955 220 3024 νηοάων
244 2967 328 3004 ausus
353 2959 394 3002 est
413 2947 515 3016 llymn.
536 2943 601 2996 Del.
624 2943 666 2996 66.
688 2943 739 2996 Yth
764 2949 791 2992 et
818 2938 991 3003 reliquorum
1014 2935 1153 3001 fragmen-

54 3049 136 3094 torum
160 3057 253 3114 supra
279 3035 489 3107 propositorum
514 3041 610 3084 auctor
634 3029 754 3082 hahetur
777 3023 925 3078 aNaelio
948 3033 976 3075 et
999 3017 1153 3076 Schneide-

52 3130 138 3194 uino,
166 3144 266 3197 neque
290 3124 326 3176 de
349 3123 404 3176 alia
429 3118 514 3173 medii
534 3115 684 3184 fragmenti
702 3113 814 3178 origiue
832 3110 978 3178 quisquam
997 3079 1154 3176 suspicare}

54 3225 104 3281 tur,
130 3218 188 3271 nisi
211 3209 376 3284 Epicharmi
396 3223 494 3261 nomen
512 3203 637 3257 additum
656 3211 737 3256 esset.
783 3199 846 3251 lam
864 3213 931 3251 vero
948 3194 1092 3250 simillima
1111 3207 1154 3244 ra-

51 3301 122 3358 tione
141 3304 173 3358 in
194 3298 352 3368 Excerptis
371 3311 407 3352 ex
427 3290 589 3346 Herodiano
608 3292 681 3344 Αιιιι.
698 3287 777 3340 Οιωι.
793 3284 852 3348 ΙΙΙ,
871 3284 936 3349 354,
955 3285 986 3336 tt
1013 3275 1152 3334 Simonidi

52 3391 214 3444 tribuuntur
236 3386 322 3440 verba
340 3383 494 3435 iniereat
511 3379 664 3450 δρομέοι,
683 3391 754 3441 quae
772 3388 787 3424 a
806 3368 981 3423 Callimacho
1000 3361 1156 3420 Simonidis

50 3478 185 3547 epiniciis
211 3475 241 3529 in
260 3485 391 3526 cursores
407 3467 543 3536 iuscripta
562 3465 648 3518 tuisse
667 3457 905 3514 Schneidewinus
930 3455 1049 3521 (inieram
1072 3448 1155 3503 simul

51 3568 217 3627 restituens)
246 3557 365 3628 egregie
390 3552 593 3608 demonstravit
619 3548 757 3603 Exercitt.
788 3543 870 3598 Critt.
898 3559 925 3611 p.
945 3545 988 3596 90.
1042 3534 1157 3591 Deinde

51 3651 246 3708 Callimachus
270 3645 354 3701 libris
381 3659 446 3696 ase
464 3638 549 3693 editis
568 3638 640 3690 haud
659 3651 723 3688 raro
743 3632 942 3702 epigrammata
960 3623 1158 3695 praeposuisse

50 3741 182 3802 videtur,
210 3745 280 3804 'quo
304 3729 449 3802 pertinent
466 3727 566 3796 Epigr.
587 3728 605 3779 6
629 3724 657 3776 iu
681 3717 840 3789 Creophyli
861 3717 987 3781 Οἰχαλίας
1011 3708 1108 3764 ’ἅλωσιν
1130 3721 1158 3764 et

50 3827 83 3880 lr.
104 3830 141 3882 92
160 3823 262 3879 Bentl.
275 3815 416 3881 ,ἀκούσαθ’
434 3811 623 3870 Ἱππώνακτος·
650 3809 681 3860 οὗ
700 3805 752 3878 γὰρ
770 3803 830 3858 ἀλλ’
850 3801 913 3874 ἧκον.
953 3801 1053 3866 ltaque
1072 3798 1159 3852 hexa-

49 3929 170 3969 metrum
201 3909 284 3968 illum
309 3923 345 3958 ex
371 3904 572 3974 epigrammate
596 3914 614 3949 a
633 3893 808 3950 Callimacho
827 3886 993 3961 Epicharmi
1010 3885 1160 3944 Sirenibus

50 3995 223 4070 praeposito
242 4004 380 4063 semiplum
400 4003 550 4044 censemua
593 3984 722 4040 Ceterum
741 3981 916 4044 τοξοχὶτσνις,
944 3974 1018 4040 quod
1039 3970 1160 4028 Schnei-

48 4089 187 4142 dewinus
224 4081 292 4136 satis
319 4079 450 4132 audacter
479 4081 606 4126 novatum
637 4067 793 4121 arcubus
821 4072 974 4116 armatos
991 4056 1161 4127 ¹significare

48 4186 164 4241 censet,
197 4185 256 4238 noo
274 4166 387 4234 quidem
411 4181 428 4216 a
450 4159 571 4217 librario
596 4152 789 4212 antecedentis
807 4152 885 4204 uocis
902 4145 1049 4217 τοξοφόρον
1066 4160 1160 4198 recor·

47 4263 169 4318 datione
190 4237 313 4325 decepto
331 4251 403 4306 male
421 4253 474 4322 pro
490 4241 682 4313 polimitaria
697 4228 835 4310 scriptum
855 4235 1030 4292 arbitramur.
