<?xml version="1.0" encoding="UTF-8"?>
<!DOCTYPE html PUBLIC "-//W3C//DTD XHTML 1.0 Transitional//EN"
    "http://www.w3.org/TR/xhtml1/DTD/xhtml1-transitional.dtd">
<html xmlns="http://www.w3.org/1999/xhtml" xml:lang="en" lang="en">
 <head>
  <title>
</title>
<meta http-equiv="Content-Type" content="text/html;charset=utf-8" />
  <meta name='ocr-system' content='tesseract 3.04.00' />
  <meta name='ocr-capabilities' content='ocr_page ocr_carea ocr_par ocr_line ocrx_word'/>
</head>
<body>
  <div class='ocr_page' id='page_1' title='image "./degraccaelingua02ahregoog_0504.png"; bbox 0 0 2754 4818; ppageno 0'>
   <div class='ocr_carea' id='block_1_1' title="bbox 230 387 1040 496">
    <p class='ocr_par' dir='ltr' id='par_1_1' title="bbox 230 387 1040 496">
     <span class='ocr_line' id='line_1_1' title="bbox 230 387 1040 496; baseline -0.006 -22"><span class='ocrx_word' id='word_1_1' title='bbox 230 395 308 474; x_wconf 81' lang='lat'><strong>500</strong></span> <span class='ocrx_word' id='word_1_2' title='bbox 523 387 708 469; x_wconf 85' lang='lat' dir='ltr'><strong>Addenda</strong></span> <span class='ocrx_word' id='word_1_3' title='bbox 732 407 770 466; x_wconf 85' lang='lat' dir='ltr'><strong>et</strong></span> <span class='ocrx_word' id='word_1_4' title='bbox 796 393 1040 496; x_wconf 64' lang='lat' dir='ltr'><strong>Corrigenda„</strong></span> 
     </span>
    </p>
   </div>
   <div class='ocr_carea' id='block_1_2' title="bbox 230 589 1336 1200">
    <p class='ocr_par' dir='ltr' id='par_1_2' title="bbox 230 589 1336 1200">
     <span class='ocr_line' id='line_1_2' title="bbox 231 589 1334 690; baseline -0.003 -20"><span class='ocrx_word' id='word_1_5' title='bbox 231 604 314 670; x_wconf 86' lang='lat' dir='ltr'><strong>Nam</strong></span> <span class='ocrx_word' id='word_1_6' title='bbox 345 621 563 690; x_wconf 84' lang='lat' dir='ltr'><strong>quaecunque</strong></span> <span class='ocrx_word' id='word_1_7' title='bbox 591 589 703 690; x_wconf 79' lang='lat' dir='ltr'><strong>paullo</strong></span> <span class='ocrx_word' id='word_1_8' title='bbox 737 597 924 666; x_wconf 86' lang='lat' dir='ltr'><strong>accuratius</strong></span> <span class='ocrx_word' id='word_1_9' title='bbox 951 599 1125 665; x_wconf 81' lang='lat' dir='ltr'><strong>traduntur</strong></span> <span class='ocrx_word' id='word_1_10' title='bbox 1147 599 1238 690; x_wconf 87' lang='lat' dir='ltr'><strong>apud</strong></span> <span class='ocrx_word' id='word_1_11' title='bbox 1258 599 1334 668; x_wconf 92' lang='lat' dir='ltr'><strong>Dio·</strong></span> 
     </span>
     <span class='ocr_line' id='line_1_3' title="bbox 231 700 1334 794; baseline -0.002 -24"><span class='ocrx_word' id='word_1_12' title='bbox 231 705 384 794; x_wconf 69' lang='lat' dir='ltr'><strong>nysium,</strong></span> <span class='ocrx_word' id='word_1_13' title='bbox 406 702 621 791; x_wconf 72' lang='lat' dir='ltr'><strong>Longinum,</strong></span> <span class='ocrx_word' id='word_1_14' title='bbox 644 700 883 791; x_wconf 84' lang='lat' dir='ltr'><strong>Apollonium,</strong></span> <span class='ocrx_word' id='word_1_15' title='bbox 906 700 1212 791; x_wconf 71' lang='lat' dir='ltr'><strong>Hephaestionem,</strong></span> <span class='ocrx_word' id='word_1_16' title='bbox 1238 703 1334 768; x_wconf 80' lang='lat' dir='ltr'><strong>Atle·</strong></span> 
     </span>
     <span class='ocr_line' id='line_1_4' title="bbox 230 801 1334 894; baseline -0.002 -22"><span class='ocrx_word' id='word_1_17' title='bbox 230 829 364 890; x_wconf 85' lang='lat' dir='ltr'><strong>uacum,</strong></span> <span class='ocrx_word' id='word_1_18' title='bbox 385 805 427 869; x_wconf 90' lang='lat' dir='ltr'><strong>ab</strong></span> <span class='ocrx_word' id='word_1_19' title='bbox 444 802 534 869; x_wconf 89' lang='lat' dir='ltr'><strong>omui</strong></span> <span class='ocrx_word' id='word_1_20' title='bbox 557 802 669 892; x_wconf 81' lang='lat' dir='ltr'><strong>spicae</strong></span> <span class='ocrx_word' id='word_1_21' title='bbox 683 801 816 870; x_wconf 75' lang='lat' dir='ltr'><strong>dialecti</strong></span> <span class='ocrx_word' id='word_1_22' title='bbox 837 802 1000 868; x_wconf 84' lang='lat' dir='ltr'><strong>admixtae</strong></span> <span class='ocrx_word' id='word_1_23' title='bbox 1022 804 1218 892; x_wconf 78' lang='lat' dir='ltr'><strong>suspicione</strong></span> <span class='ocrx_word' id='word_1_24' title='bbox 1242 806 1334 894; x_wconf 75' lang='lat' dir='ltr'><strong>longe</strong></span> 
     </span>
     <span class='ocr_line' id='line_1_5' title="bbox 231 903 1334 995; baseline -0.003 -20"><span class='ocrx_word' id='word_1_25' title='bbox 231 910 370 992; x_wconf 85' lang='lat' dir='ltr'><strong>absunt,</strong></span> <span class='ocrx_word' id='word_1_26' title='bbox 412 905 480 970; x_wconf 91' lang='lat' dir='ltr'><strong>nisi</strong></span> <span class='ocrx_word' id='word_1_27' title='bbox 501 927 607 994; x_wconf 89' lang='lat' dir='ltr'><strong>panca</strong></span> <span class='ocrx_word' id='word_1_28' title='bbox 624 903 688 972; x_wconf 90' lang='lat' dir='ltr'><strong>illa</strong></span> <span class='ocrx_word' id='word_1_29' title='bbox 710 905 901 995; x_wconf 78' lang='lat' dir='ltr'><strong>ad&#39;epicam</strong></span> <span class='ocrx_word' id='word_1_30' title='bbox 923 905 1101 972; x_wconf 86' lang='lat' dir='ltr'><strong>dialectum</strong></span> <span class='ocrx_word' id='word_1_31' title='bbox 1120 908 1258 974; x_wconf 86' lang='lat' dir='ltr'><strong>trabere</strong></span> <span class='ocrx_word' id='word_1_32' title='bbox 1279 908 1334 990; x_wconf 84' lang='lat' dir='ltr'><strong>vis,</strong></span> 
     </span>
     <span class='ocr_line' id='line_1_6' title="bbox 230 1002 1336 1103; baseline -0.003 -28"><span class='ocrx_word' id='word_1_33' title='bbox 230 1035 315 1103; x_wconf 85' lang='lat' dir='ltr'><strong>quse</strong></span> <span class='ocrx_word' id='word_1_34' title='bbox 336 1002 437 1098; x_wconf 83' lang='lat' dir='ltr'><strong>quum</strong></span> <span class='ocrx_word' id='word_1_35' title='bbox 458 1031 476 1072; x_wconf 90' lang='lat' dir='ltr'><strong>a</strong></span> <span class='ocrx_word' id='word_1_36' title='bbox 498 1006 628 1096; x_wconf 75' lang='lat' dir='ltr'><strong>vulgari</strong></span> <span class='ocrx_word' id='word_1_37' title='bbox 642 1006 842 1074; x_wconf 77' lang='lat' dir='ltr'><strong>Lesbiorum</strong></span> <span class='ocrx_word' id='word_1_38' title='bbox 863 1030 926 1072; x_wconf 89' lang='lat' dir='ltr'><strong>usu</strong></span> <span class='ocrx_word' id='word_1_39' title='bbox 949 1006 1058 1073; x_wconf 85' lang='lat' dir='ltr'><strong>aliena</strong></span> <span class='ocrx_word' id='word_1_40' title='bbox 1079 1006 1167 1091; x_wconf 86' lang='lat' dir='ltr'><strong>sint,</strong></span> <span class='ocrx_word' id='word_1_41' title='bbox 1190 1031 1211 1073; x_wconf 89' lang='lat' dir='ltr'><strong>a</strong></span> <span class='ocrx_word' id='word_1_42' title='bbox 1234 1008 1336 1100; x_wconf 74' lang='lat' dir='ltr'><strong>potetis</strong></span> 
     </span>
     <span class='ocr_line' id='line_1_7' title="bbox 231 1103 1336 1200; baseline -0.003 -22"><span class='ocrx_word' id='word_1_43' title='bbox 231 1137 273 1178; x_wconf 83' lang='lat' dir='ltr'><strong>ex</strong></span> <span class='ocrx_word' id='word_1_44' title='bbox 301 1109 489 1200; x_wconf 72' lang='lat' dir='ltr'><strong>antiquiore</strong></span> <span class='ocrx_word' id='word_1_45' title='bbox 517 1105 661 1175; x_wconf 83' lang='lat' dir='ltr'><strong>Aeolide</strong></span> <span class='ocrx_word' id='word_1_46' title='bbox 697 1120 822 1175; x_wconf 88' lang='lat' dir='ltr'><strong>servata</strong></span> <span class='ocrx_word' id='word_1_47' title='bbox 847 1103 1045 1177; x_wconf 77' lang='lat' dir='ltr'><strong>&#39;existimo-s</strong></span> <span class='ocrx_word' id='word_1_48' title='bbox 1076 1133 1218 1199; x_wconf 83' lang='lat' dir='ltr'><strong>prorsus</strong></span> <span class='ocrx_word' id='word_1_49' title='bbox 1251 1112 1336 1186; x_wconf 87' lang='lat' dir='ltr'><strong>lieet,</strong></span> 
     </span>
    </p>
   </div>
   <div class='ocr_carea' id='block_1_3' title="bbox 94 1208 1335 1301">
    <p class='ocr_par' dir='ltr' id='par_1_3' title="bbox 94 1208 1335 1301">
     <span class='ocr_line' id='line_1_8' title="bbox 94 1208 1335 1301; baseline -0.002 -21"><span class='ocrx_word' id='word_1_50' title='bbox 94 1255 96 1261; x_wconf 94' lang='lat'><em>·</em></span> <span class='ocrx_word' id='word_1_51' title='bbox 230 1225 268 1280; x_wconf 90' lang='lat' dir='ltr'><strong>nt</strong></span> <span class='ocrx_word' id='word_1_52' title='bbox 288 1211 453 1301; x_wconf 74' lang='lat' dir='ltr'><strong>genitivus</strong></span> <span class='ocrx_word' id='word_1_53' title='bbox 483 1210 519 1275; x_wconf 90' lang='lat' dir='ltr'><strong>in</strong></span> <span class='ocrx_word' id='word_1_54' title='bbox 542 1233 612 1276; x_wconf 78' lang='lat' dir='ltr'><strong>oso.</strong></span> <span class='ocrx_word' id='word_1_55' title='bbox 642 1251 685 1263; x_wconf 91' lang='lat'>—</span> <span class='ocrx_word' id='word_1_56' title='bbox 727 1210 860 1276; x_wconf 79' lang='lat' dir='ltr'><strong>Deinde</strong></span> <span class='ocrx_word' id='word_1_57' title='bbox 883 1208 986 1276; x_wconf 84' lang='lat' dir='ltr'><strong>Schu.</strong></span> <span class='ocrx_word' id='word_1_58' title='bbox 1011 1209 1145 1300; x_wconf 74' lang='lat' dir='ltr'><strong>singula</strong></span> <span class='ocrx_word' id='word_1_59' title='bbox 1174 1213 1335 1301; x_wconf 84' lang='lat' dir='ltr'><strong>qnaedaa</strong></span> 
     </span>
    </p>
   </div>
   <div class='ocr_carea' id='block_1_4' title="bbox 229 1309 1336 2932">
    <p class='ocr_par' dir='ltr' id='par_1_4' title="bbox 229 1309 1336 2932">
     <span class='ocr_line' id='line_1_9' title="bbox 231 1309 1336 1404; baseline -0.003 -21"><span class='ocrx_word' id='word_1_60' title='bbox 231 1319 343 1393; x_wconf 81' lang='lat' dir='ltr'><strong>affert,</strong></span> <span class='ocrx_word' id='word_1_61' title='bbox 379 1335 464 1404; x_wconf 87' lang='lat' dir='ltr'><strong>qnae</strong></span> <span class='ocrx_word' id='word_1_62' title='bbox 492 1334 534 1376; x_wconf 80' lang='lat' dir='ltr'><strong>ex</strong></span> <span class='ocrx_word' id='word_1_63' title='bbox 561 1309 657 1400; x_wconf 82' lang='lat' dir='ltr'><strong>spica</strong></span> <span class='ocrx_word' id='word_1_64' title='bbox 684 1311 826 1379; x_wconf 83' lang='lat' dir='ltr'><strong>dialecto&#39;</strong></span> <span class='ocrx_word' id='word_1_65' title='bbox 854 1310 957 1401; x_wconf 81' lang='lat' dir='ltr'><strong>petita</strong></span> <span class='ocrx_word' id='word_1_66' title='bbox 986 1335 1061 1378; x_wconf 86' lang='lat' dir='ltr'><strong>csse</strong></span> <span class='ocrx_word' id='word_1_67' title='bbox 1086 1311 1232 1398; x_wconf 80' lang='lat' dir='ltr'><strong>judicat.</strong></span> <span class='ocrx_word' id='word_1_68' title='bbox 1291 1317 1336 1382; x_wconf 88' lang='lat' dir='ltr'><strong>Ea</strong></span> 
     </span>
     <span class='ocr_line' id='line_1_10' title="bbox 230 1411 1334 1504; baseline -0.002 -20"><span class='ocrx_word' id='word_1_69' title='bbox 230 1421 333 1486; x_wconf 80' lang='lat' dir='ltr'><strong>refert</strong></span> <span class='ocrx_word' id='word_1_70' title='bbox 362 1415 494 1498; x_wconf 72' lang='grc' dir='ltr'><strong><em>ἐφύοντο</em></strong></span> <span class='ocrx_word' id='word_1_71' title='bbox 524 1411 647 1503; x_wconf 91' lang='lat' dir='ltr'><strong>Sappb.</strong></span> <span class='ocrx_word' id='word_1_72' title='bbox 671 1414 736 1499; x_wconf 84' lang='grc'><strong>29,</strong></span> <span class='ocrx_word' id='word_1_73' title='bbox 783 1435 886 1504; x_wconf 63' lang='lat' dir='ltr'><strong>mm</strong></span> <span class='ocrx_word' id='word_1_74' title='bbox 915 1412 1032 1478; x_wconf 89' lang='lat' dir='ltr'><strong>Lesbii</strong></span> <span class='ocrx_word' id='word_1_75' title='bbox 1064 1417 1146 1496; x_wconf 76' lang='lat' dir='ltr'><strong>polos</strong></span> <span class='ocrx_word' id='word_1_76' title='bbox 1180 1415 1334 1482; x_wconf 81' lang='lat' dir='ltr'><strong>dixerint</strong></span> 
     </span>
     <span class='ocr_line' id='line_1_11' title="bbox 232 1513 1336 1605; baseline -0.003 -20"><span class='ocrx_word' id='word_1_77' title='bbox 232 1521 279 1585; x_wconf 77' lang='lat' dir='ltr'><strong>At</strong></span> <span class='ocrx_word' id='word_1_78' title='bbox 300 1516 417 1584; x_wconf 83' lang='lat' dir='ltr'><strong>Lesbii</strong></span> <span class='ocrx_word' id='word_1_79' title='bbox 442 1517 597 1580; x_wconf 88' lang='lat' dir='ltr'><strong>dixerunt</strong></span> <span class='ocrx_word' id='word_1_80' title='bbox 619 1514 670 1579; x_wconf 74' lang='lat' dir='ltr'><strong>ott·</strong></span> <span class='ocrx_word' id='word_1_81' title='bbox 685 1527 718 1580; x_wconf 89' lang='lat' dir='ltr'><strong>et</strong></span> <span class='ocrx_word' id='word_1_82' title='bbox 741 1514 781 1579; x_wconf 69' lang='lat' dir='ltr'><strong>tt·</strong></span> <span class='ocrx_word' id='word_1_83' title='bbox 795 1538 857 1605; x_wconf 89' lang='lat' dir='ltr'><strong>pro</strong></span> <span class='ocrx_word' id='word_1_84' title='bbox 879 1513 944 1594; x_wconf 75' lang='lat' dir='ltr'><strong>siet,</strong></span> <span class='ocrx_word' id='word_1_85' title='bbox 974 1517 1106 1598; x_wconf 73' lang='grc' dir='ltr'>μαίομαι</span> <span class='ocrx_word' id='word_1_86' title='bbox 1126 1515 1207 1583; x_wconf 86' lang='lat' dir='ltr'><strong>Alc.</strong></span> <span class='ocrx_word' id='word_1_87' title='bbox 1236 1520 1277 1584; x_wconf 89' lang='lat'><strong>17</strong></span> <span class='ocrx_word' id='word_1_88' title='bbox 1306 1527 1336 1583; x_wconf 87' lang='lat' dir='ltr'><strong>el</strong></span> 
     </span>
     <span class='ocr_line' id='line_1_12' title="bbox 230 1613 1335 1709; baseline 0.001 -25"><span class='ocrx_word' id='word_1_89' title='bbox 230 1621 351 1703; x_wconf 78' lang='grc' dir='ltr'>μάυμαι</span> <span class='ocrx_word' id='word_1_90' title='bbox 372 1613 598 1708; x_wconf 74' lang='lat' dir='ltr'><strong>Sappb.&#39;ll5&#39;,</strong></span> <span class='ocrx_word' id='word_1_91' title='bbox 621 1618 699 1682; x_wconf 78' lang='lat' dir='ltr'><strong>nolo</strong></span> <span class='ocrx_word' id='word_1_92' title='bbox 720 1615 847 1707; x_wconf 87' lang='lat' dir='ltr'><strong>Sappb.</strong></span> <span class='ocrx_word' id='word_1_93' title='bbox 863 1619 903 1702; x_wconf 86' lang='grc'><strong>2,</strong></span> <span class='ocrx_word' id='word_1_94' title='bbox 927 1617 968 1684; x_wconf 84' lang='grc'><strong>15</strong></span> <span class='ocrx_word' id='word_1_95' title='bbox 989 1627 1022 1682; x_wconf 89' lang='lat' dir='ltr'><strong>et</strong></span> <span class='ocrx_word' id='word_1_96' title='bbox 1040 1616 1258 1709; x_wconf 79' lang='lat' dir='ltr'><strong>no&#39;a&#39;Sapplr.</strong></span> <span class='ocrx_word' id='word_1_97' title='bbox 1274 1619 1335 1703; x_wconf 71' lang='lat'><strong>763</strong></span> 
     </span>
     <span class='ocr_line' id='line_1_13' title="bbox 231 1717 1336 1814; baseline 0 -27"><span class='ocrx_word' id='word_1_98' title='bbox 231 1721 349 1814; x_wconf 84' lang='lat' dir='ltr'><strong>quidni</strong></span> <span class='ocrx_word' id='word_1_99' title='bbox 372 1723 507 1804; x_wconf 76' lang='lat' dir='ltr'><strong>palmet</strong></span> <span class='ocrx_word' id='word_1_100' title='bbox 529 1717 626 1800; x_wconf 74' lang='lat' dir='ltr'><strong>odo‘l</strong></span> <span class='ocrx_word' id='word_1_101' title='bbox 655 1718 848 1807; x_wconf 85' lang='lat' dir='ltr'><strong>praesertim</strong></span> <span class='ocrx_word' id='word_1_102' title='bbox 870 1741 972 1808; x_wconf 87' lang='lat' dir='ltr'><strong>quum</strong></span> <span class='ocrx_word' id='word_1_103' title='bbox 994 1720 1062 1785; x_wconf 87' lang='lat' dir='ltr'><strong>iota</strong></span> <span class='ocrx_word' id='word_1_104' title='bbox 1084 1720 1247 1806; x_wconf 85' lang='lat' dir='ltr'><strong>ejiciendi</strong></span> <span class='ocrx_word' id='word_1_105' title='bbox 1267 1745 1336 1788; x_wconf 87' lang='lat' dir='ltr'><strong>mos</strong></span> 
     </span>
     <span class='ocr_line' id='line_1_14' title="bbox 232 1819 1334 1918; baseline -0.002 -27"><span class='ocrx_word' id='word_1_106' title='bbox 232 1848 328 1914; x_wconf 87' lang='lat' dir='ltr'><strong>qnam</strong></span> <span class='ocrx_word' id='word_1_107' title='bbox 347 1822 487 1889; x_wconf 85' lang='lat' dir='ltr'><strong>maxime</strong></span> <span class='ocrx_word' id='word_1_108' title='bbox 508 1820 694 1886; x_wconf 87' lang='lat' dir='ltr'><strong>Lesbiaous</strong></span> <span class='ocrx_word' id='word_1_109' title='bbox 722 1821 778 1886; x_wconf 83' lang='lat' dir='ltr'><strong>sit</strong></span> <span class='ocrx_word' id='word_1_110' title='bbox 800 1820 819 1866; x_wconf 85' lang='lat'><strong>&#39;-</strong></span> <span class='ocrx_word' id='word_1_111' title='bbox 835 1819 969 1888; x_wconf 78' lang='lat' dir='ltr'><strong>Deinde</strong></span> <span class='ocrx_word' id='word_1_112' title='bbox 997 1820 1124 1918; x_wconf 68' lang='lat' dir='ltr'><strong>epicam</strong></span> <span class='ocrx_word' id='word_1_113' title='bbox 1154 1834 1254 1913; x_wconf 85' lang='lat' dir='ltr'><strong>putat</strong></span> <span class='ocrx_word' id='word_1_114' title='bbox 1283 1849 1334 1890; x_wconf 78' lang='lat' dir='ltr'><strong>ne</strong></span> 
     </span>
     <span class='ocr_line' id='line_1_15' title="bbox 230 1918 1335 2016; baseline -0.003 -23"><span class='ocrx_word' id='word_1_115' title='bbox 230 1918 372 2016; x_wconf 65' lang='lat' dir='ltr'><strong>plectam</strong></span> <span class='ocrx_word' id='word_1_116' title='bbox 393 1946 570 2015; x_wconf 38' lang='lat' dir='ltr'><strong>apocopen*</strong></span> <span class='ocrx_word' id='word_1_117' title='bbox 592 1922 629 1988; x_wconf 92' lang='lat' dir='ltr'><strong>in</strong></span> <span class='ocrx_word' id='word_1_118' title='bbox 652 1923 894 2006; x_wconf 71' lang='grc' dir='ltr'><strong>καταστεὶβούσι</strong></span> <span class='ocrx_word' id='word_1_119' title='bbox 916 1921 1044 2014; x_wconf 70' lang='grc' dir='ltr'><strong>8ιρρ1ι.</strong></span> <span class='ocrx_word' id='word_1_120' title='bbox 1073 1925 1115 1990; x_wconf 83' lang='lat' dir='ltr'><strong>fr.</strong></span> <span class='ocrx_word' id='word_1_121' title='bbox 1139 1926 1204 2009; x_wconf 88' lang='grc'><strong>44,</strong></span> <span class='ocrx_word' id='word_1_122' title='bbox 1240 1927 1335 2012; x_wconf 83' lang='lat' dir='ltr'><strong>cnjus</strong></span> 
     </span>
     <span class='ocr_line' id='line_1_16' title="bbox 229 2024 1335 2120; baseline -0.004 -24"><span class='ocrx_word' id='word_1_123' title='bbox 229 2028 410 2120; x_wconf 69' lang='lat' dir='ltr'><strong>fragmenti</strong></span> <span class='ocrx_word' id='word_1_124' title='bbox 430 2026 570 2092; x_wconf 85' lang='lat' dir='ltr'><strong>ultimos</strong></span> <span class='ocrx_word' id='word_1_125' title='bbox 588 2048 705 2092; x_wconf 85' lang='lat' dir='ltr'><strong>versus</strong></span> <span class='ocrx_word' id='word_1_126' title='bbox 727 2024 918 2114; x_wconf 71' lang='lat' dir='ltr'><strong>suspicione</strong></span> <span class='ocrx_word' id='word_1_127' title='bbox 933 2035 1046 2090; x_wconf 90' lang='lat' dir='ltr'><strong>nostra</strong></span> <span class='ocrx_word' id='word_1_128' title='bbox 1058 2025 1233 2116; x_wconf 87' lang='lat' dir='ltr'><strong>repudiata</strong></span> <span class='ocrx_word' id='word_1_129' title='bbox 1250 2039 1335 2093; x_wconf 85' lang='lat' dir='ltr'><strong>recte</strong></span> 
     </span>
     <span class='ocr_line' id='line_1_17' title="bbox 231 2126 1335 2219; baseline -0.001 -23"><span class='ocrx_word' id='word_1_130' title='bbox 231 2129 368 2217; x_wconf 76' lang='lat' dir='ltr'><strong>Bergkii</strong></span> <span class='ocrx_word' id='word_1_131' title='bbox 390 2127 582 2213; x_wconf 84' lang='lat' dir='ltr'><strong>conjectura</strong></span> <span class='ocrx_word' id='word_1_132' title='bbox 605 2126 775 2219; x_wconf 83' lang='lat' dir='ltr'><strong>Sapphoni</strong></span> <span class='ocrx_word' id='word_1_133' title='bbox 797 2127 902 2193; x_wconf 90' lang='lat' dir='ltr'><strong>tribui</strong></span> <span class='ocrx_word' id='word_1_134' title='bbox 929 2127 1065 2193; x_wconf 86' lang='lat' dir='ltr'><strong>affirmat</strong></span> <span class='ocrx_word' id='word_1_135' title='bbox 1091 2126 1161 2193; x_wconf 86' lang='lat' dir='ltr'><strong>vid.</strong></span> <span class='ocrx_word' id='word_1_136' title='bbox 1191 2128 1274 2194; x_wconf 78' lang='lat' dir='ltr'><strong>infr.</strong></span> <span class='ocrx_word' id='word_1_137' title='bbox 1298 2129 1335 2195; x_wconf 89' lang='lat' dir='ltr'><strong>ad</strong></span> 
     </span>
     <span class='ocr_line' id='line_1_18' title="bbox 231 2228 1336 2319; baseline -0.001 -21"><span class='ocrx_word' id='word_1_138' title='bbox 231 2230 357 2319; x_wconf 88' lang='lat' dir='ltr'><strong>Sappb.</strong></span> <span class='ocrx_word' id='word_1_139' title='bbox 387 2229 442 2297; x_wconf 88' lang='grc'><strong>44.</strong></span> <span class='ocrx_word' id='word_1_140' title='bbox 502 2228 636 2296; x_wconf 76' lang='lat' dir='ltr'><strong>Gentius</strong></span> <span class='ocrx_word' id='word_1_141' title='bbox 668 2229 841 2318; x_wconf 74' lang='lat' dir='ltr'><strong>neglectae</strong></span> <span class='ocrx_word' id='word_1_142' title='bbox 871 2252 1038 2319; x_wconf 87' lang='lat' dir='ltr'><strong>apocopae</strong></span> <span class='ocrx_word' id='word_1_143' title='bbox 1069 2229 1258 2318; x_wconf 85' lang='lat' dir='ltr'><strong>exemplum</strong></span> <span class='ocrx_word' id='word_1_144' title='bbox 1287 2244 1336 2297; x_wconf 84' lang='lat' dir='ltr'><strong>cst</strong></span> 
     </span>
     <span class='ocr_line' id='line_1_19' title="bbox 231 2328 1334 2422; baseline 0.001 -24"><span class='ocrx_word' id='word_1_145' title='bbox 231 2330 319 2420; x_wconf 73' lang='lat' dir='ltr'><strong>sepsi</strong></span> <span class='ocrx_word' id='word_1_146' title='bbox 342 2330 374 2394; x_wconf 79' lang='grc' dir='ltr'><strong>δ’</strong></span> <span class='ocrx_word' id='word_1_147' title='bbox 397 2328 507 2416; x_wconf 78' lang='grc' dir='ltr'><strong><em>ἔρχεθ’</em></strong></span> <span class='ocrx_word' id='word_1_148' title='bbox 532 2331 602 2416; x_wconf 81' lang='grc' dir='ltr'><strong>ὥρα</strong></span> <span class='ocrx_word' id='word_1_149' title='bbox 624 2330 749 2422; x_wconf 89' lang='lat' dir='ltr'><strong>Sappb.</strong></span> <span class='ocrx_word' id='word_1_150' title='bbox 766 2333 827 2410; x_wconf 89' lang='grc'><strong>24,</strong></span> <span class='ocrx_word' id='word_1_151' title='bbox 851 2332 941 2422; x_wconf 82' lang='lat' dir='ltr'><strong>qnod</strong></span> <span class='ocrx_word' id='word_1_152' title='bbox 963 2331 1043 2398; x_wconf 91' lang='lat' dir='ltr'><strong>olim</strong></span> <span class='ocrx_word' id='word_1_153' title='bbox 1064 2331 1170 2398; x_wconf 84' lang='lat' dir='ltr'><strong>aciem</strong></span> <span class='ocrx_word' id='word_1_154' title='bbox 1192 2347 1334 2400; x_wconf 82' lang='lat' dir='ltr'><strong>nostran</strong></span> 
     </span>
     <span class='ocr_line' id='line_1_20' title="bbox 233 2431 1333 2524; baseline -0.002 -24"><span class='ocrx_word' id='word_1_155' title='bbox 233 2436 376 2523; x_wconf 77' lang='lat' dir='ltr'><strong>fugeret.</strong></span> <span class='ocrx_word' id='word_1_156' title='bbox 410 2431 492 2512; x_wconf 46' lang='lat' dir='ltr'><strong>,Gnr</strong></span> <span class='ocrx_word' id='word_1_157' title='bbox 513 2457 592 2500; x_wconf 81' lang='lat' dir='ltr'><strong>vere</strong></span> <span class='ocrx_word' id='word_1_158' title='bbox 612 2457 653 2499; x_wconf 87' lang='lat' dir='ltr'><strong>ex</strong></span> <span class='ocrx_word' id='word_1_159' title='bbox 674 2433 768 2524; x_wconf 88' lang='lat' dir='ltr'><strong>spica</strong></span> <span class='ocrx_word' id='word_1_160' title='bbox 784 2433 900 2524; x_wconf 69' lang='lat' dir='ltr'><strong>lingua</strong></span> <span class='ocrx_word' id='word_1_161' title='bbox 914 2434 1143 2524; x_wconf 85' lang='lat' dir='ltr'><strong>depromptum</strong></span> <span class='ocrx_word' id='word_1_162' title='bbox 1159 2436 1333 2524; x_wconf 70' lang='lat' dir='ltr'><strong>putemus?</strong></span> 
     </span>
     <span class='ocr_line' id='line_1_21' title="bbox 231 2535 1334 2626; baseline -0.002 -22"><span class='ocrx_word' id='word_1_163' title='bbox 231 2535 449 2626; x_wconf 83' lang='lat' dir='ltr'><strong>Antiquiares</strong></span> <span class='ocrx_word' id='word_1_164' title='bbox 462 2535 589 2602; x_wconf 86' lang='lat' dir='ltr'><strong>Aeoles</strong></span> <span class='ocrx_word' id='word_1_165' title='bbox 608 2548 641 2604; x_wconf 90' lang='lat' dir='ltr'><strong>ct</strong></span> <span class='ocrx_word' id='word_1_166' title='bbox 656 2535 840 2605; x_wconf 72' lang='lat' dir='ltr'><strong>Dorienses</strong></span> <span class='ocrx_word' id='word_1_167' title='bbox 862 2535 964 2626; x_wconf 69' lang='lat' dir='ltr'><strong>vulgo</strong></span> <span class='ocrx_word' id='word_1_168' title='bbox 986 2559 1155 2626; x_wconf 76' lang='lat' dir='ltr'><strong>apocopen</strong></span> <span class='ocrx_word' id='word_1_169' title='bbox 1179 2538 1228 2602; x_wconf 88' lang='lat' dir='ltr'><strong>ita</strong></span> <span class='ocrx_word' id='word_1_170' title='bbox 1249 2561 1334 2626; x_wconf 87' lang='lat' dir='ltr'><strong>prae·</strong></span> 
     </span>
     <span class='ocr_line' id='line_1_22' title="bbox 231 2637 1333 2722; baseline 0 -18"><span class='ocrx_word' id='word_1_171' title='bbox 231 2639 400 2722; x_wconf 86' lang='lat' dir='ltr'><strong>tulerunt,</strong></span> <span class='ocrx_word' id='word_1_172' title='bbox 433 2647 471 2702; x_wconf 95' lang='lat' dir='ltr'><strong>ut</strong></span> <span class='ocrx_word' id='word_1_173' title='bbox 492 2637 591 2704; x_wconf 87' lang='lat' dir='ltr'><strong>etiam</strong></span> <span class='ocrx_word' id='word_1_174' title='bbox 612 2639 648 2703; x_wconf 91' lang='lat' dir='ltr'><strong>in</strong></span> <span class='ocrx_word' id='word_1_175' title='bbox 671 2638 780 2705; x_wconf 87' lang='lat' dir='ltr'><strong>soluta</strong></span> <span class='ocrx_word' id='word_1_176' title='bbox 802 2638 950 2705; x_wconf 79' lang='lat' dir='ltr'><strong>oratione</strong></span> <span class='ocrx_word' id='word_1_177' title='bbox 969 2637 1195 2720; x_wconf 86' lang='lat' dir='ltr'><strong>abstinerent,</strong></span> <span class='ocrx_word' id='word_1_178' title='bbox 1231 2637 1333 2706; x_wconf 82' lang='lat' dir='ltr'><strong>sicubi</strong></span> 
     </span>
     <span class='ocr_line' id='line_1_23' title="bbox 232 2735 1331 2830; baseline 0.003 -24"><span class='ocrx_word' id='word_1_179' title='bbox 232 2739 397 2830; x_wconf 75' lang='lat' dir='ltr'><strong>euphonia</strong></span> <span class='ocrx_word' id='word_1_180' title='bbox 418 2741 482 2805; x_wconf 90' lang='lat' dir='ltr'><strong>boc</strong></span> <span class='ocrx_word' id='word_1_181' title='bbox 502 2739 670 2829; x_wconf 86' lang='lat' dir='ltr'><strong>postulare</strong></span> <span class='ocrx_word' id='word_1_182' title='bbox 692 2739 860 2807; x_wconf 80' lang='lat' dir='ltr'><strong>videretur</strong></span> <span class='ocrx_word' id='word_1_183' title='bbox 879 2739 949 2806; x_wconf 83' lang='lat' dir='ltr'><strong>vid.</strong></span> <span class='ocrx_word' id='word_1_184' title='bbox 964 2739 1054 2807; x_wconf 84' lang='lat' dir='ltr'>L.11</span> <span class='ocrx_word' id='word_1_185' title='bbox 1075 2735 1107 2830; x_wconf 63' lang='grc' dir='ltr'><strong>ᾖ.</strong></span> <span class='ocrx_word' id='word_1_186' title='bbox 1121 2740 1177 2806; x_wconf 85' lang='grc'><strong>43.</strong></span> <span class='ocrx_word' id='word_1_187' title='bbox 1225 2741 1331 2809; x_wconf 73' lang='lat' dir='ltr'><strong>Postu</strong></span> 
     </span>
     <span class='ocr_line' id='line_1_24' title="bbox 231 2841 1332 2932; baseline 0.004 -26"><span class='ocrx_word' id='word_1_188' title='bbox 231 2842 391 2928; x_wconf 83' lang='lat' dir='ltr'><strong>majorem</strong></span> <span class='ocrx_word' id='word_1_189' title='bbox 413 2841 583 2907; x_wconf 85' lang='lat' dir='ltr'><strong>licentiam</strong></span> <span class='ocrx_word' id='word_1_190' title='bbox 604 2841 733 2926; x_wconf 80' lang='lat' dir='ltr'><strong>inisse,</strong></span> <span class='ocrx_word' id='word_1_191' title='bbox 756 2865 824 2932; x_wconf 86' lang='lat' dir='ltr'><strong>qao</strong></span> <span class='ocrx_word' id='word_1_192' title='bbox 843 2841 978 2908; x_wconf 81' lang='lat' dir='ltr'><strong>facilins</strong></span> <span class='ocrx_word' id='word_1_193' title='bbox 992 2853 1096 2908; x_wconf 86' lang='lat' dir='ltr'><strong>metro</strong></span> <span class='ocrx_word' id='word_1_194' title='bbox 1110 2842 1332 2922; x_wconf 72' lang='lat' dir='ltr'><strong>consulerent,</strong></span> 
     </span>
    </p>
   </div>
   <div class='ocr_carea' id='block_1_5' title="bbox 232 2941 1374 3035">
    <p class='ocr_par' dir='ltr' id='par_1_5' title="bbox 232 2941 1374 3035">
     <span class='ocr_line' id='line_1_25' title="bbox 232 2941 1374 3035; baseline 0.006 -27"><span class='ocrx_word' id='word_1_195' title='bbox 232 2965 300 3008; x_wconf 92' lang='lat' dir='ltr'><strong>non</strong></span> <span class='ocrx_word' id='word_1_196' title='bbox 322 2941 442 3008; x_wconf 87' lang='lat' dir='ltr'><strong>mirum</strong></span> <span class='ocrx_word' id='word_1_197' title='bbox 465 2953 540 3026; x_wconf 72' lang='lat' dir='ltr'><strong>est,</strong></span> <span class='ocrx_word' id='word_1_198' title='bbox 575 2942 678 3029; x_wconf 87' lang='lat' dir='ltr'><strong>adde,</strong></span> <span class='ocrx_word' id='word_1_199' title='bbox 709 2943 799 3033; x_wconf 83' lang='lat' dir='ltr'><strong>qnod</strong></span> <span class='ocrx_word' id='word_1_200' title='bbox 819 2943 1021 3035; x_wconf 75' lang='lat' dir='ltr'><strong>praepositio</strong></span> <span class='ocrx_word' id='word_1_201' title='bbox 1041 2944 1112 3028; x_wconf 74' lang='lat' dir='ltr'><strong>sepi</strong></span> <span class='ocrx_word' id='word_1_202' title='bbox 1132 2944 1237 3012; x_wconf 87' lang='lat' dir='ltr'><strong>etiam</strong></span> <span class='ocrx_word' id='word_1_203' title='bbox 1256 2959 1332 3026; x_wconf 81' lang='lat' dir='ltr'><strong>tum,</strong></span> <span class='ocrx_word' id='word_1_204' title='bbox 1373 2995 1374 3016; x_wconf 56' lang='grc' dir='ltr'>ι</span> 
     </span>
    </p>
   </div>
   <div class='ocr_carea' id='block_1_6' title="bbox 226 3041 1332 4360">
    <p class='ocr_par' dir='ltr' id='par_1_6' title="bbox 226 3041 1332 4360">
     <span class='ocr_line' id='line_1_26' title="bbox 233 3041 1332 3138; baseline 0.003 -29"><span class='ocrx_word' id='word_1_205' title='bbox 233 3067 337 3134; x_wconf 90' lang='lat' dir='ltr'><strong>quum</strong></span> <span class='ocrx_word' id='word_1_206' title='bbox 360 3067 401 3110; x_wconf 82' lang='lat' dir='ltr'><strong>ex</strong></span> <span class='ocrx_word' id='word_1_207' title='bbox 424 3065 487 3108; x_wconf 87' lang='lat' dir='ltr'><strong>usu</strong></span> <span class='ocrx_word' id='word_1_208' title='bbox 507 3041 645 3108; x_wconf 86' lang='lat' dir='ltr'><strong>Lesbiis</strong></span> <span class='ocrx_word' id='word_1_209' title='bbox 665 3045 800 3134; x_wconf 75' lang='lat' dir='ltr'><strong>proprio</strong></span> <span class='ocrx_word' id='word_1_210' title='bbox 827 3069 888 3135; x_wconf 87' lang='lat' dir='ltr'><strong>pro</strong></span> <span class='ocrx_word' id='word_1_211' title='bbox 917 3047 994 3132; x_wconf 74' lang='grc' dir='ltr'><strong>ὑπέρ</strong></span> <span class='ocrx_word' id='word_1_212' title='bbox 1018 3056 1098 3130; x_wconf 85' lang='lat' dir='ltr'><strong>est,</strong></span> <span class='ocrx_word' id='word_1_213' title='bbox 1130 3047 1235 3114; x_wconf 82' lang='lat' dir='ltr'><strong>modo</strong></span> <span class='ocrx_word' id='word_1_214' title='bbox 1263 3069 1332 3138; x_wconf 72' lang='lat' dir='ltr'><strong>apo</strong></span> 
     </span>
     <span class='ocr_line' id='line_1_27' title="bbox 231 3143 1331 3236; baseline 0.001 -25"><span class='ocrx_word' id='word_1_215' title='bbox 231 3168 338 3236; x_wconf 87' lang='lat' dir='ltr'><strong>copeu</strong></span> <span class='ocrx_word' id='word_1_216' title='bbox 360 3144 485 3233; x_wconf 84' lang='lat' dir='ltr'><strong>patitur</strong></span> <span class='ocrx_word' id='word_1_217' title='bbox 506 3143 604 3211; x_wconf 82' lang='lat' dir='ltr'><strong>modo</strong></span> <span class='ocrx_word' id='word_1_218' title='bbox 625 3168 693 3212; x_wconf 90' lang='lat' dir='ltr'><strong>non</strong></span> <span class='ocrx_word' id='word_1_219' title='bbox 714 3149 839 3236; x_wconf 83' lang='lat' dir='ltr'><strong>patitur</strong></span> <span class='ocrx_word' id='word_1_220' title='bbox 868 3147 939 3214; x_wconf 77' lang='lat' dir='ltr'><strong>vid.</strong></span> <span class='ocrx_word' id='word_1_221' title='bbox 961 3147 995 3230; x_wconf 61' lang='grc' dir='ltr'><strong>ᾗ.</strong></span> <span class='ocrx_word' id='word_1_222' title='bbox 1017 3148 1081 3230; x_wconf 87' lang='grc'><strong>28,</strong></span> <span class='ocrx_word' id='word_1_223' title='bbox 1103 3146 1136 3214; x_wconf 86' lang='grc'><strong>3.</strong></span> <span class='ocrx_word' id='word_1_224' title='bbox 1183 3148 1275 3218; x_wconf 83' lang='lat' dir='ltr'><strong>Tum</strong></span> <span class='ocrx_word' id='word_1_225' title='bbox 1293 3156 1331 3214; x_wconf 83' lang='grc' dir='ltr'><strong>λι-</strong></span> 
     </span>
     <span class='ocr_line' id='line_1_28' title="bbox 231 3245 1330 3342; baseline 0.004 -28"><span class='ocrx_word' id='word_1_226' title='bbox 231 3247 369 3314; x_wconf 62' lang='lat' dir='ltr'><strong>tiemo</strong></span> <span class='ocrx_word' id='word_1_227' title='bbox 397 3258 431 3313; x_wconf 94' lang='lat' dir='ltr'><strong>et</strong></span> <span class='ocrx_word' id='word_1_228' title='bbox 461 3245 665 3314; x_wconf 69' lang='grc' dir='ltr'><strong>ἐκλελάθοιτο</strong></span> <span class='ocrx_word' id='word_1_229' title='bbox 689 3245 814 3339; x_wconf 88' lang='lat' dir='ltr'><strong>Sappb.</strong></span> <span class='ocrx_word' id='word_1_230' title='bbox 837 3250 881 3316; x_wconf 86' lang='grc'><strong>44</strong></span> <span class='ocrx_word' id='word_1_231' title='bbox 903 3248 1183 3318; x_wconf 79' lang='lat' dir='ltr'><strong>Schneidewiaus</strong></span> <span class='ocrx_word' id='word_1_232' title='bbox 1205 3252 1251 3318; x_wconf 92' lang='lat' dir='ltr'><strong>ad</strong></span> <span class='ocrx_word' id='word_1_233' title='bbox 1272 3249 1330 3342; x_wconf 88' lang='lat' dir='ltr'><strong>cpi·</strong></span> 
     </span>
     <span class='ocr_line' id='line_1_29' title="bbox 230 3347 1329 3446; baseline 0.002 -28"><span class='ocrx_word' id='word_1_234' title='bbox 230 3373 290 3418; x_wconf 91' lang='lat' dir='ltr'><strong>cae</strong></span> <span class='ocrx_word' id='word_1_235' title='bbox 310 3347 445 3440; x_wconf 74' lang='lat' dir='ltr'><strong>linguae</strong></span> <span class='ocrx_word' id='word_1_236' title='bbox 466 3349 683 3418; x_wconf 86' lang='lat' dir='ltr'><strong>imitationem</strong></span> <span class='ocrx_word' id='word_1_237' title='bbox 706 3351 880 3418; x_wconf 78' lang='lat' dir='ltr'><strong>referenda</strong></span> <span class='ocrx_word' id='word_1_238' title='bbox 900 3375 975 3418; x_wconf 86' lang='lat' dir='ltr'><strong>csse</strong></span> <span class='ocrx_word' id='word_1_239' title='bbox 990 3363 1125 3436; x_wconf 85' lang='lat' dir='ltr'><strong>censet,</strong></span> <span class='ocrx_word' id='word_1_240' title='bbox 1147 3376 1329 3446; x_wconf 70' lang='lat' dir='ltr'><strong>quanqam</strong></span> 
     </span>
     <span class='ocr_line' id='line_1_30' title="bbox 231 3451 1328 3542; baseline 0 -24"><span class='ocrx_word' id='word_1_241' title='bbox 231 3451 436 3542; x_wconf 77' lang='lat' dir='ltr'><strong>grammatici</strong></span> <span class='ocrx_word' id='word_1_242' title='bbox 457 3451 729 3540; x_wconf 83' lang='lat' dir='ltr'><strong>reduplicatianis</strong></span> <span class='ocrx_word' id='word_1_243' title='bbox 752 3453 847 3522; x_wconf 90' lang='lat' dir='ltr'><strong>illum</strong></span> <span class='ocrx_word' id='word_1_244' title='bbox 866 3477 963 3521; x_wconf 91' lang='lat' dir='ltr'><strong>nsum</strong></span> <span class='ocrx_word' id='word_1_245' title='bbox 979 3454 1100 3522; x_wconf 83' lang='lat' dir='ltr'><strong>diserte</strong></span> <span class='ocrx_word' id='word_1_246' title='bbox 1111 3453 1155 3520; x_wconf 78' lang='lat' dir='ltr'><strong>ab</strong></span> <span class='ocrx_word' id='word_1_247' title='bbox 1169 3453 1328 3522; x_wconf 82' lang='lat' dir='ltr'><strong>Aeolibas</strong></span> 
     </span>
     <span class='ocr_line' id='line_1_31' title="bbox 229 3552 1327 3647; baseline 0.005 -27"><span class='ocrx_word' id='word_1_248' title='bbox 229 3565 394 3645; x_wconf 86' lang='lat' dir='ltr'><strong>repetunt.</strong></span> <span class='ocrx_word' id='word_1_249' title='bbox 449 3552 582 3637; x_wconf 82' lang='lat' dir='ltr'><strong>Quibus</strong></span> <span class='ocrx_word' id='word_1_250' title='bbox 613 3577 673 3620; x_wconf 91' lang='lat' dir='ltr'><strong>eur</strong></span> <span class='ocrx_word' id='word_1_251' title='bbox 701 3555 800 3622; x_wconf 83' lang='lat' dir='ltr'><strong>fidem</strong></span> <span class='ocrx_word' id='word_1_252' title='bbox 820 3555 1045 3647; x_wconf 75' lang='lat' dir='ltr'><strong>denegemus,</strong></span> <span class='ocrx_word' id='word_1_253' title='bbox 1077 3579 1145 3624; x_wconf 88' lang='lat' dir='ltr'><strong>non</strong></span> <span class='ocrx_word' id='word_1_254' title='bbox 1166 3555 1327 3644; x_wconf 70' lang='lat' dir='ltr'><strong>intelligo·</strong></span> 
     </span>
     <span class='ocr_line' id='line_1_32' title="bbox 229 3655 1327 3750; baseline 0.002 -26"><span class='ocrx_word' id='word_1_255' title='bbox 229 3655 316 3724; x_wconf 86' lang='lat' dir='ltr'><strong>Nam</strong></span> <span class='ocrx_word' id='word_1_256' title='bbox 336 3655 425 3747; x_wconf 85' lang='lat' dir='ltr'><strong>qnod</strong></span> <span class='ocrx_word' id='word_1_257' title='bbox 447 3656 596 3746; x_wconf 84' lang='lat' dir='ltr'><strong>exempla</strong></span> <span class='ocrx_word' id='word_1_258' title='bbox 619 3657 729 3724; x_wconf 87' lang='lat' dir='ltr'><strong>solnm</strong></span> <span class='ocrx_word' id='word_1_259' title='bbox 750 3658 928 3724; x_wconf 82' lang='lat' dir='ltr'><strong>lldmerica</strong></span> <span class='ocrx_word' id='word_1_260' title='bbox 943 3668 1187 3750; x_wconf 88' lang='lat' dir='ltr'><strong>apposuerunt,</strong></span> <span class='ocrx_word' id='word_1_261' title='bbox 1209 3657 1248 3726; x_wconf 91' lang='lat' dir='ltr'><strong>id</strong></span> <span class='ocrx_word' id='word_1_262' title='bbox 1270 3679 1327 3726; x_wconf 77' lang='lat' dir='ltr'><strong>sae·</strong></span> 
     </span>
     <span class='ocr_line' id='line_1_33' title="bbox 230 3757 1326 3849; baseline 0.005 -27"><span class='ocrx_word' id='word_1_263' title='bbox 230 3758 371 3849; x_wconf 90' lang='lat' dir='ltr'><strong>pissime</strong></span> <span class='ocrx_word' id='word_1_264' title='bbox 393 3781 412 3824; x_wconf 96' lang='lat' dir='ltr'><strong>a</strong></span> <span class='ocrx_word' id='word_1_265' title='bbox 435 3758 657 3848; x_wconf 80' lang='lat' dir='ltr'><strong>grammaticis</strong></span> <span class='ocrx_word' id='word_1_266' title='bbox 678 3757 974 3828; x_wconf 79' lang='lat' dir='ltr'><strong>minus-assumtis</strong></span> <span class='ocrx_word' id='word_1_267' title='bbox 989 3761 1123 3828; x_wconf 81' lang='lat' dir='ltr'><strong>¹laetum</strong></span> <span class='ocrx_word' id='word_1_268' title='bbox 1154 3771 1229 3845; x_wconf 81' lang='lat' dir='ltr'><strong>cst,</strong></span> <span class='ocrx_word' id='word_1_269' title='bbox 1261 3758 1326 3828; x_wconf 73' lang='lat' dir='ltr'><strong>vide</strong></span> 
     </span>
     <span class='ocr_line' id='line_1_34' title="bbox 228 3855 1324 3947; baseline -0.003 -21"><span class='ocrx_word' id='word_1_270' title='bbox 228 3858 329 3926; x_wconf 88' lang='lat' dir='ltr'><strong>modo</strong></span> <span class='ocrx_word' id='word_1_271' title='bbox 357 3857 389 3941; x_wconf 64' lang='grc' dir='ltr'><strong>ἕ.</strong></span> <span class='ocrx_word' id='word_1_272' title='bbox 412 3859 457 3927; x_wconf 92' lang='grc'><strong>24</strong></span> <span class='ocrx_word' id='word_1_273' title='bbox 484 3855 554 3926; x_wconf 86' lang='lat' dir='ltr'><strong>not.</strong></span> <span class='ocrx_word' id='word_1_274' title='bbox 578 3861 616 3947; x_wconf 90' lang='lat'><strong>1,</strong></span> <span class='ocrx_word' id='word_1_275' title='bbox 651 3860 710 3926; x_wconf 90' lang='lat' dir='ltr'><strong>nbi</strong></span> <span class='ocrx_word' id='word_1_276' title='bbox 738 3861 898 3930; x_wconf 74' lang='lat' dir='ltr'><strong>Aeolicus</strong></span> <span class='ocrx_word' id='word_1_277' title='bbox 929 3861 1174 3930; x_wconf 83' lang='lat' dir='ltr'><strong>terminationis</strong></span> <span class='ocrx_word' id='word_1_278' title='bbox 1203 3870 1254 3928; x_wconf 78' lang='grc' dir='ltr'><strong>θα</strong></span> <span class='ocrx_word' id='word_1_279' title='bbox 1278 3881 1324 3926; x_wconf 84' lang='lat' dir='ltr'><strong>ex·</strong></span> 
     </span>
     <span class='ocr_line' id='line_1_35' title="bbox 229 3959 1324 4054; baseline 0.005 -28"><span class='ocrx_word' id='word_1_280' title='bbox 229 3959 338 4049; x_wconf 91' lang='lat' dir='ltr'><strong>empla</strong></span> <span class='ocrx_word' id='word_1_281' title='bbox 358 3959 451 4026; x_wconf 86' lang='lat' dir='ltr'><strong>nulla</strong></span> <span class='ocrx_word' id='word_1_282' title='bbox 472 3960 538 4027; x_wconf 89' lang='lat' dir='ltr'><strong>nisi</strong></span> <span class='ocrx_word' id='word_1_283' title='bbox 560 3959 739 4030; x_wconf 84' lang='lat' dir='ltr'><strong>Homerica</strong></span> <span class='ocrx_word' id='word_1_284' title='bbox 760 3975 1010 4032; x_wconf 87' lang='lat' dir='ltr'><strong>commemorata</strong></span> <span class='ocrx_word' id='word_1_285' title='bbox 1031 3963 1205 4048; x_wconf 83' lang='lat' dir='ltr'><strong>iuvenies,</strong></span> <span class='ocrx_word' id='word_1_286' title='bbox 1233 3983 1324 4054; x_wconf 83' lang='lat' dir='ltr'><strong>qma·</strong></span> 
     </span>
     <span class='ocr_line' id='line_1_36' title="bbox 228 4061 1324 4156; baseline 0.002 -28"><span class='ocrx_word' id='word_1_287' title='bbox 228 4085 327 4152; x_wconf 58' lang='lat' dir='ltr'><strong>vam</strong></span> <span class='ocrx_word' id='word_1_288' title='bbox 348 4061 545 4143; x_wconf 83' lang='lat' dir='ltr'><strong>etiamnunc¹</strong></span> <span class='ocrx_word' id='word_1_289' title='bbox 557 4073 669 4130; x_wconf 77' lang='lat' dir='ltr'><strong>extem</strong></span> <span class='ocrx_word' id='word_1_290' title='bbox 692 4063 831 4151; x_wconf 69' lang='grc' dir='ltr'><strong>ἔχεισθα·</strong></span> <span class='ocrx_word' id='word_1_291' title='bbox 843 4077 877 4132; x_wconf 89' lang='lat' dir='ltr'><strong>et</strong></span> <span class='ocrx_word' id='word_1_292' title='bbox 897 4067 1069 4150; x_wconf 73' lang='grc' dir='ltr'><strong>φίλιισθα,</strong></span> <span class='ocrx_word' id='word_1_293' title='bbox 1100 4088 1188 4156; x_wconf 83' lang='lat' dir='ltr'><strong>qnae</strong></span> <span class='ocrx_word' id='word_1_294' title='bbox 1209 4065 1324 4130; x_wconf 84' lang='lat' dir='ltr'><strong>addita·</strong></span> 
     </span>
     <span class='ocr_line' id='line_1_37' title="bbox 226 4161 1322 4260; baseline 0.004 -31"><span class='ocrx_word' id='word_1_295' title='bbox 226 4161 377 4230; x_wconf 83' lang='lat' dir='ltr'><strong>mentum</strong></span> <span class='ocrx_word' id='word_1_296' title='bbox 396 4165 482 4231; x_wconf 90' lang='lat' dir='ltr'><strong>illud</strong></span> <span class='ocrx_word' id='word_1_297' title='bbox 503 4166 686 4234; x_wconf 84' lang='lat' dir='ltr'><strong>Lesbiacae</strong></span> <span class='ocrx_word' id='word_1_298' title='bbox 707 4167 848 4236; x_wconf 85' lang='lat' dir='ltr'><strong>dialecto</strong></span> <span class='ocrx_word' id='word_1_299' title='bbox 870 4192 947 4236; x_wconf 86' lang='lat' dir='ltr'><strong>vere</strong></span> <span class='ocrx_word' id='word_1_300' title='bbox 968 4167 1139 4260; x_wconf 85' lang='lat' dir='ltr'><strong>proprium</strong></span> <span class='ocrx_word' id='word_1_301' title='bbox 1160 4189 1269 4258; x_wconf 76' lang='lat' dir='ltr'><strong>neque</strong></span> <span class='ocrx_word' id='word_1_302' title='bbox 1287 4185 1322 4228; x_wconf 79' lang='lat' dir='ltr'><strong>tx</strong></span> 
     </span>
     <span class='ocr_line' id='line_1_38' title="bbox 229 4265 1319 4360; baseline -0.001 -27"><span class='ocrx_word' id='word_1_303' title='bbox 229 4265 406 4333; x_wconf 82' lang='lat' dir='ltr'><strong>Homerica</strong></span> <span class='ocrx_word' id='word_1_304' title='bbox 425 4266 542 4358; x_wconf 73' lang='lat' dir='ltr'><strong>lingua</strong></span> <span class='ocrx_word' id='word_1_305' title='bbox 567 4268 715 4359; x_wconf 73' lang='lat' dir='ltr'><strong>apolitis</strong></span> <span class='ocrx_word' id='word_1_306' title='bbox 737 4269 926 4360; x_wconf 86' lang='lat' dir='ltr'><strong>adoptatum</strong></span> <span class='ocrx_word' id='word_1_307' title='bbox 947 4292 1021 4338; x_wconf 88' lang='lat' dir='ltr'><strong>esse</strong></span> <span class='ocrx_word' id='word_1_308' title='bbox 1043 4268 1253 4338; x_wconf 85' lang='lat' dir='ltr'><strong>lucidissime</strong></span> <span class='ocrx_word' id='word_1_309' title='bbox 1271 4265 1319 4332; x_wconf 84' lang='lat' dir='ltr'><strong>do·</strong></span> 
     </span>
    </p>
   </div>
   <div class='ocr_carea' id='block_1_7' title="bbox 0 0 1382 4818">
    <p class='ocr_par' dir='ltr' id='par_1_7' title="bbox 0 0 1382 4818">
     <span class='ocr_line' id='line_1_39' title="bbox 0 0 1382 4818; baseline 0 1"><span class='ocrx_word' id='word_1_310' title='bbox 0 0 1382 4818; x_wconf 95' lang='lat' dir='ltr'><strong> </strong></span> 
     </span>
    </p>
   </div>
  </div>
 </body>
</html>
