2746 4818
214 385 246 478 §.
263 387 323 466 dd.
360 391 418 462 De
435 388 620 464 adverbiis
642 387 714 462 loci
734 403 770 462 et
787 388 975 486 temporis.
1067 387 1144 466 367

54 593 233 676 iunocenter,
268 585 401 677 ἴνερθα,
434 593 581 680 duecte,
616 593 757 669 ὅπισθα,
794 617 934 682 quorum
960 614 1038 681 pars
1058 591 1145 660 inter

52 694 201 760 Doricam
231 703 264 760 et
284 695 480 762 Lesbiacam
510 697 686 762 dialectum
714 695 866 785 ambigna
896 704 959 761 est.
1012 694 1145 760 Deinde

52 797 257 885 legunturin
280 799 370 864 tabb.
394 798 528 865 Ileracl.
552 797 602 881 B,
627 799 679 864 17.
716 795 754 881 l,
777 799 819 866 39
847 799 960 864 ἄνωθα
989 808 1022 862 et
1050 797 1087 875 I,
1110 798 1144 864 9.

52 902 89 965 52
110 899 288 985 ἔμπροσθα.
334 899 460 966 Eodem
483 901 650 990 pertinent
671 899 833 990 Hesycbii
855 901 986 991 glossae
1004 899 1146 965 Laconi·

50 1027 123 1068 caer
158 1003 322 1086 ἕξέσας,
347 1002 482 1078 ἔξωθεν·
506 1003 681 1086 Λάκωνες,
714 1002 773 1068 ubi
795 1025 871 1068 eum
893 1002 1146 1070 Hernsterbusio

50 1105 135 1180 ἐξεσα
168 1104 193 1169 i.
218 1127 248 1168 e.
284 1103 380 1180 ἕξεθα
409 1104 641 1193 corrigendam
672 1129 746 1172 esse
776 1106 856 1172 satis
889 1105 1014 1174 evincit
1044 1106 1146 1172 altera

49 1207 156 1296 glossa
178 1229 282 1294 aeque
302 1206 496 1273 Laconibus
517 1207 716 1276 vindicanda
738 1207 902 1288 ἔντεσα,
928 1207 1048 1273 ἔσωθεν
1069 1209 1094 1274 i.
1112 1232 1144 1274 e.

49 1309 174 1386 ἔντεθα,
206 1307 349 1386 ἔντοθεν,
379 1308 538 1376 ἔντοσθεν.
585 1310 695 1377 Simul
715 1311 839 1378 vocalis
860 1311 1073 1380 mutationem
1094 1310 1163 1384 ino

48 1435 117 1478 csse
137 1409 244 1476 vides.
298 1409 426 1478 Similis
450 1414 561 1501 glossa
590 1411 761 1488 ἔξουθα,
799 1413 888 1488 ἐκτός
916 1412 940 1478 i.
965 1437 995 1478 c.
1028 1411 1147 1490 ε”ξωθεν

47 1525 176 1604 propter
209 1539 233 1578 ω
264 1512 300 1578 in
333 1539 369 1580 oa
397 1525 556 1580 mutatum
586 1515 783 1582 Thessalica
810 1515 924 1580 baberi
952 1515 1071 1604 possit.
1102 1555 1145 1568 --

47 1618 168 1682 Contra
192 1615 319 1681 ἄπωθεν
340 1625 427 1680 certa
448 1615 677 1682 emendatione
699 1627 809 1682 nostra
830 1616 1029 1705 Epicharmo
1050 1619 1146 1684 resti·

47 1731 149 1786 tntum
171 1731 221 1784 est
242 1719 284 1784 fr.
311 1717 390 1800 153,
427 1741 536 1808 neque
567 1734 623 1783 cas
644 1720 786 1797 formas,
820 1740 906 1807 quae
926 1729 1003 1808 post
1022 1747 1040 1784 ν
1061 1721 1145 1788 asci-

46 1833 111 1888 tum
135 1847 155 1885 α
176 1821 212 1885 in
236 1845 250 1884 a
271 1830 422 1901 mutant,
455 1845 474 1885 a
495 1820 624 1887 Doride
652 1820 812 1886 alieniora
841 1820 948 1886 luisse
977 1820 1145 1888 existima-

46 1947 116 1989 mus
138 1945 234 2013 quam
256 1947 275 1988 a
297 1923 462 1989 Lesbiaco
485 1923 625 1990 dialecto
648 1923 693 1987 cf.
717 1922 794 1988 L.I
815 1922 848 2005 ἕ.
866 1923 920 2007 29,
943 1925 976 1990 2.
1007 1965 1050 1978 -
1082 1924 1146 1992 Ce-
1217 2015 1226 2024 ι

46 2039 149 2093 terum
171 2026 212 2090 ab
234 2027 297 2090 boe
319 2025 548 2091 adverbiorum
572 2049 693 2112 genere
720 2049 759 2091 ea
782 2023 913 2091 diversa
933 2049 1028 2110 csse,
1062 2051 1147 2116 quae

46 2153 119 2194 cum
141 2126 386 2216 significatione
407 2128 474 2195 loci
495 2127 604 2192 unde
622 2151 682 2217 per
700 2127 963 2194 terminationem
974 2138 1033 2194 θεν
1047 2130 1146 2198 etiam

45 2230 130 2320 apud
151 2229 294 2296 Lesbios
317 2241 350 2296 ct
369 2231 478 2297 Dores
501 2253 520 2295 a
541 2231 734 2296 nominibus
757 2241 790 2296 ct
811 2231 1063 2322 pronominibus
1086 2232 1147 2298 du·

45 2345 182 2415 cuntur,
204 2331 329 2398 ibidem
353 2343 386 2400 et
407 2333 493 2398 infra
516 2357 567 2398 nr.
593 2332 802 2398 redonetur.
846 2332 919 2417 Ea,
942 2357 1025 2423 quae
1047 2333 1146 2402 modo
1168 2337 1171 2348 '

42 2434 382 2517 commemoravimus,
404 2458 423 2500 a
444 2435 747 2526 praepositionibus
766 2435 986 2513 descendunt,
1010 2448 1146 2527 atquae

41 2539 77 2604 iu
94 2538 209 2624 lingua
224 2536 392 2602 Sanscrita
406 2535 708 2627 praepositionibus
724 2538 873 2602 suffixum
896 2550 978 2604 stat
999 2539 1145 2605 addunta

42 2650 234 2722 aructat,
260 2639 392 2704 ὄπισθεν
415 2639 455 2703 ab
478 2663 551 2704 ava
569 2680 611 2690 —
632 2637 922 2727 upariscbtat‚
944 2641 1083 2725 ὕπερθεν
1104 2643 1146 2708 ab

40 2742 176 2833 upari.
229 2738 304 2806 Jam
332 2741 495 2829 intelligis
524 2740 610 2806 inter
632 2741 775 2808 Graecas
807 2742 914 2808 suffixi
944 2745 1068 2811 formas
1090 2770 1146 2811 an·

38 2845 219 2934 tiqoiorem
249 2867 325 2909 esse
355 2853 422 2908 σθα
450 2844 505 2910 vel
536 2853 631 2918 σθεν,
673 2845 889 2912 recentiorem
919 2855 968 2912 θα
990 2847 1047 2915 vel
1074 2855 1143 2929 θεν,

37 2971 145 3038 eaque
170 2947 285 3012 suffixa
306 2945 408 3013 variis
431 2945 600 3014 vocalibus
622 2971 698 3013 cum
718 2948 1024 3039 praepositionibus
1042 2950 1146 3042 jungi

37 3051 161 3116 solere.

124 3203 161 3285 7)
205 3205 334 3271 Locum
366 3203 410 3270 iu
443 3227 560 3294 quem
589 3215 673 3272 teste
701 3205 879 3272 Ammonio
912 3201 995 3294 (vid.
1030 3210 1144 3276 nct.1

33 3310 142 3388 extr.)
166 3307 353 3396 significant
373 3311 467 3386 πῧς,
492 3308 589 3394 cujus
611 3309 800 3399 exemplum
822 3331 840 3374 e
861 3304 1033 3398 Sophrone
1055 3310 1147 3376 addit

32 3413 79 3477 fr.
107 3411 173 3495 91,
207 3421 240 3476 et
267 3414 347 3477 ποῖ.
403 3411 516 3498 Hujus
544 3409 580 3475 in
609 3411 720 3476 locum
739 3414 786 3492 πᾷ
806 3410 1046 3478 restituendum
1069 3435 1145 3478 esse

30 3538 116 3579 mox
140 3511 353 3600 docebimus3
382 3513 422 3577 dc
444 3513 545 3578 altera
566 3509 794 3577 adverbiorum
816 3513 921 3580 forma
942 3513 1067 3580 Dorica
1088 3539 1145 3581 ne·

28 3639 89 3679 mo
113 3625 284 3708 praeterea
313 3615 469 3702 antiquus
497 3612 676 3704 quidquam
704 3613 823 3694 tradit,
858 3614 916 3680 sed
943 3618 1016 3691 ποΐς
1045 3618 1144 3683 corri-

31 3717 190 3805 gendum
221 3742 295 3784 esse
326 3727 358 3783 et
386 3714 522 3781 omnino
552 3714 713 3780 Doridem
743 3716 970 3781 terminatione
1005 3743 1052 3794 οις
1082 3744 1144 3811 pro

28 3819 174 3908 vulgari
204 3845 235 3884 ον
266 3842 358 3884 usam
388 3841 461 3884 esse
484 3815 710 3906 liquidissime
733 3815 852 3884 docent
876 3817 967 3883 tituli
987 3817 1144 3910 Delpbici

26 3945 86 3985 nr.
117 3921 215 3988 1699.
241 3919 456 3988 1703.17t)5.
482 3919 588 4004 1706,
630 3918 689 3984 ubi
715 3920 821 3986 forma
851 3918 1067 4008 ἀποτρέχουσιν
1097 3925 1144 4001 οἷς

21 4218 72 4270 πρ
83 4198 181 4253 όσθα
203 4196 303 4252 dicuat
321 4197 412 4252 καὶτὸ
429 4200 505 4252 ἔνθεν
522 4200 626 4268 ἔνθαίί,
654 4215 772 4268 quornm
792 4201 846 4254 hoc
865 4199 956 4253 minus
973 4209 1051 4254 recte
1068 4199 1144 4255 inter

19 4286 147 4342 Dorica
165 4285 299 4342 retertur.
