2716 4818
250 359 283 451 §.
311 359 372 436 26.
424 361 482 434 Dc
507 389 542 431 εο
569 373 607 434 et
632 389 674 431 re
697 357 907 432 contractis.
1056 357 1135 434 2¹9

73 556 167 628 Sintia
193 561 240 634 Gl.
267 563 335 630 XV
367 563 547 654 leguntur,
593 587 612 632 e
640 562 854 648 Klacepa'erce
882 573 946 635 etc.
982 576 1135 656 corrupta

71 660 128 726 sint·
174 663 277 754 Magis
298 668 433 738 haerere
455 666 536 737 licet
556 666 591 735 in
611 667 785 748 corriperer
792 713 804 750 ,
837 667 927 756 qued
953 668 1078 757 legitur
1097 669 1133 737 iu

70 766 282 854 corruptissime
303 768 401 836 titulo
422 768 586 860 Delphice
609 793 659 836 nr.
685 768 792 854 1693,
817 791 919 860 quum
940 771 977 838 in
999 771 1134 841 Rcesia·

67 887 99 931 nc
114 891 157 932 nr.
178 869 235 954 67,
270 872 328 961 qui
359 870 548 938 simillimus
582 883 632 938 eet
658 895 766 961 neque
787 882 897 940 tamen
919 870 1027 957 idem,
1061 898 1135 938 ποι-

68 989 191 1049 ειμ.ονος
215 973 372 1050 tradetur.
427 972 513 1043 Nam
541 973 631 1063 quod
651 973 859 1059 Boeckhius,
895 973 1018 1042 Rueeic
1040 973 1134 1052 dubi·

64 1077 148 1138 tenter
165 1075 401 1166 adstipulante,
434 1076 579 1150 correxit
606 1075 808 1158 ποιεύμενος,
841 1076 1047 1166 aDclphica
1067 1076 1134 1154 die·

63 1171 130 1242 lecte
147 1177 286 1244 alienum
306 1188 365 1246 eet.
409 1178 527 1269 Neque
548 1189 657 1252 tumen
669 1177 785 1252 Rceeii
805 1179 1135 1269 suspicionemne-

63 1277 156 1356 έμενον
175 1281 313 1349 fcrtaeee
335 1279 520 1371 Delphicae
541 1281 682 1356 dielectc
703 1279 873 1372 proprium
901 1304 992 1367 eree,
1024 1305 1134 1354 reram

63 1377 271 1460 existimemus.
326 1385 445 1452 Potine
473 1385 591 1458 lacuna
622 1383 658 1453 in
679 1382 796 1458 Bessii
817 1386 1005 1480 apographa
1024 1395 1135 1464 neura

61 1479 178 1572 aliquam
199 1487 417 1577 corruptelam
437 1485 584 1555 indicare
604 1483 745 1555 videtur.

124 1585 156 1669 6)
189 1588 363 1659 Pcetrcme
384 1571 515 1663 vocales
536 1613 569 1656 εο
592 1597 625 1657 et
644 1612 684 1652 εω
707 1611 775 1656 uon
798 1598 982 1664 contractae
1003 1613 1135 1661 cervam

62 1691 113 1767 lut,
139 1691 278 1758 maxime
302 1692 337 1766 in
358 1688 607 1782 septentrionali
629 1688 766 1764 Graecia
787 1701 820 1756 et
840 1690 1002 1780 (exceptis
1024 1703 1135 1762 tamen

63 1783 170 1880 inune)
202 1794 292 1885 apurl
314 1793 459 1866 Siculce.
515 1790 663 1868 Genitivi
691 1801 725 1859 et
755 1792 936 1883 ccmpceita
958 1817 1034 1861 cum
1054 1793 1134 1872 θεόν

15 1893 16 1900 ’
61 1901 103 1956 etc.
124 1896 207 1985 apntl
227 1898 406 1988 pleresque
426 1895 645 1970 Dorienslum
667 1894 866 1970 solutionem
886 1897 1089 1985 preeferunt.

120 1998 151 2081 a)
192 2001 250 2066 Ac
270 1999 371 2072 verbe
390 2009 555 2076 contracta
575 1997 758 2087 pertinente
787 1997 912 2089 Amph,
936 1997 1021 2066 1688
1042 1996 1134 2083 εὐορ-

58 2095 152 2181 aione,
175 2097 376 2187 ε’φιορεεόιμι
397 2114 430 2169 et
450 2103 486 2168 in
508 2100 648 2190 reliquia
670 2100 843 2192 Delphicis
868 2100 1132 2180 οννευδοιεεόνποο,

56 2205 315 2282 συνευδοκεοὺσας,
342 2206 473 2283 πολέων,
499 2203 676 2286 ονλεόντος,
702 2203 942 2298 οτρατανεόντος
963 2213 1027 2270 etc.
1052 2205 1133 2284 (lur-

14 2323 15 2332 ¹
55 2321 109 2366 nac
126 2308 264 2398 vulgari.
279 2307 406 2376 ratione
429 2316 613 2375 contractae
635 2304 745 2372 minue
768 2307 931 2394 genuinae
944 2305 1134 2394 videntur)3

12 2419 13 2428 ¹
53 2400 137 2473 Phoc.
159 2413 200 2478 81
222 2411 267 2477 11.
292 2411 527 2494 ε’πιτειμεόντες,
560 2409 715 2487 νοέοντες,
747 2410 930 2494 φρονέοντες
957 2411 1046 2476 etin
1068 2407 1134 2476 alic

53 2501 178 2579 Phocicc
205 2512 294 2604 apud
311 2512 475 2586 Roeeium
502 2536 536 2602 p.
564 2511 606 2579 36
634 2512 897 2598 βουλαρχέοντος,
931 2511 1025 2577 Chal.
1051 2510 1135 2578 1567
1189 2601 1192 2610 ¹

52 2607 297 2699 6αμιοργέοντος,
320 2611 763 2685 Aetol.1756.1757.3046
784 2614 1038 2698 στραταγέονενς,
1063 2639 1136 2678 σον-

49 2713 261 2795 εοδοκεούσας,
296 2718 527 2796 accerrimae,
562 2713 768 2801 παρεκάλεσε.
822 2715 955 2786 Deinde
977 2741 996 2782 e
1018 2715 1136 2786 Sicilie

48 2807 183 2906 intituler
206 2819 370 2886 Alaeeine
393 2819 635 2898 exelectione,
659 2817 779 2907 Sophr.
793 2819 838 2886 74
858 2818 975 2899 ποιέω,
995 2819 1041 2886 37
1059 2821 1135 2886 rile-

46 2917 147 3000 νοέων,
182 2921 307 3012 Epich.
337 2922 378 3000 19
409 2922 610 3008 ουνδιιπνέω,
645 2921 775 2986 ἐπαινέω
781 2972 793 3001 ,
828 2922 867 2988 51
890 2923 1058 3008 καλέομες,
1091 2921 1135 2992 56

46 3019 146 3101 ποιέο,
179 3025 246 3092 114
270 3022 412 3111 ιῖποχρέω
435 3033 563 3092 etcum
585 3023 731 3115 epnireei
753 3025 795 3118 19
814 3025 929 3108 ποιέω,
956 3026 1001 3093 98
1022 3024 1132 3102 δονέοι,

42 3117 254 3206 23νολέοιπι,
288 3151 389 3217 quare
416 3128 540 3195 formae
562 3138 747 3195 contractae
775 3127 853 3207 (vicl.
877 3151 928 3193 nr.
952 3126 990 3213 4)
1018 3150 1134 3215 euepe-

43 3221 148 3294 cticree
179 3241 271 3294 sunt.
325 3229 443 3320 Neque
472 3231 581 3297 minue
604 3231 692 3322 apud
712 3228 945 3295 Archimedem
970 3229 1134 3313 ἰσορῤοπέ-

42 3347 96 3390 ινιι
115 3341 147 3396 et
170 3331 297 3398 similia
318 3331 580 3422 frequentantur.
604 3369 646 3381 -
689 3331 803 3418 Minue
827 3342 1026 3415 remeunt,
1049 3355 1133 3421 quac

40 3427 178 3513 ejusdcm
212 3434 344 3522 generis
377 3435 413 3500 in
439 3434 547 3502 titulis
579 3433 721 3502 Creticis
754 3434 1023 3522 ruepectieeimac
1054 3435 1135 3502 fidei

38 3527 209 3620 legentum
240 3535 325 3604 2554
345 3539 519 3620 πολεμέοιν,
543 3537 719 3614 πωλεόντοι,
744 3535 919 3620 οἷνεομένῳ,
944 3537 1131 3622 εὖορκέοντι,

39 3631 237 3723 tenentem,
271 3640 461 3725 έρεονεόντες
488 3639 627 3708 613647
648 3640 846 3723 ἐπαινέομεν,
878 3663 981 3729 quum
1010 3639 1046 3704 in
1073 3639 1133 3706 iie·

38 3733 101 3803 dem
120 3741 253 3830 primus
275 3740 488 3808 contrahendi
519 3741 635 3808 medua
665 3741 865 3831 reperiatur,
900 3742 1020 3808 deinde
1048 3765 1133 3832 quae

36 3840 114 3928 apud
142 3843 334 3911 Philolaum
366 3853 400 3910 et
430 3843 847 3935 Pseudo-Pythagoreos,
881 3845 996 3912 talium
1022 3871 1133 3917 aman-

34 3939 186 4012 tissimos.
1086 3959 1087 3964 ’

109 4046 148 4129 h)
197 4047 316 4116 Futuri
345 4073 412 4116 non
439 4051 597 4118 contracti
624 4050 717 4116 nulla
745 4051 894 4140 exempla
922 4049 1133 4140 reperiuntur

34 4153 258 4240 praeterquam
289 4151 418 4237 ὁριοξεόι
439 4165 473 4218 ct
493 4154 652 4240 ε’νπραξέω
675 4152 710 4218 in
731 4152 855 4242 Amph.
880 4152 988 4239 16883
1023 4151 1132 4218 Siculi

32 4267 158 4340 quoque
181 4255 397 4336 contrahunt,
420 4252 487 4320 viti.
511 4280 562 4322 nr.
586 4257 620 4324 4.
