2742 4814
206 288 284 366 408
465 288 498 382 i.
525 289 586 367 48.
638 291 697 366 De
722 289 874 366 mitiore
899 291 1053 370 Doride.

90 581 93 588 ἢ
205 507 244 561 ιιι
265 495 381 573 moriat
397 517 458 586 pro
480 489 635 581 ποιῆσαί,
674 519 738 588 qna
760 493 939 562 mutatione
959 509 1129 588 praeterea
1151 501 1301 568 recentio-

205 621 260 663 res
278 597 450 683 Lacones,
481 597 669 688 Pamplrplii
699 608 732 664 et
753 610 844 666 extra
864 597 1027 668 Doridem
1048 601 1256 670 Eretrienses
1271 613 1302 670 et

206 699 326 789 Oropii
349 699 403 765 usi
426 709 504 765 sunt
524 699 593 767 vid.
612 701 643 784 ξ.
659 701 692 767 9.
737 699 912 769 Praeterea
928 699 1050 790 Argivi
1070 703 1160 774 inter
1181 706 1302 772 vocales

205 799 347 866 subinde
377 808 399 884 β
425 825 487 891 pro
517 801 680 892 digamma
702 801 858 892 posuisse
880 801 1034 871 videntur
1055 829 1130 875 cum
1153 806 1303 874 Cretibus

203 913 238 968 et
258 901 456 992 Argivis-ut
477 901 562 988 oi'pleu
581 924 643 992 pro
667 903 748 982 ὤεα,
772 903 821 969 oioi
841 903 910 972 vid.
934 903 967 988 §-
991 907 1033 991 5,
1056 907 1102 993 9,-
1120 931 1222 996 quarn
1241 935 1302 976 ms·

80 1012 82 1024 '
202 1003 362 1100 tationem
383 1028 499 1072 recens
516 1004 618 1072 Doris
640 1005 787 1072 severior
805 1005 903 1072 ctiam
925 1006 966 1072 ad
988 1007 1228 1078 vocabulorum
1248 1011 1303 1079 itri-

201 1107 286 1173 tium
309 1108 497 1174 adhibebat.
526 1143 570 1156 -
613 1107 856 1198 Pamphylii
884 1107 988 1198 igitur
1018 1123 1052 1176 et
1072 1135 1230 1203 asperum
1250 1139 1303 1204 pro

205 1233 245 1288 u,
270 1220 302 1277 ct
324 1217 424 1301 (ipro
446 1207 609 1301 digamma
632 1205 709 1295 (neo
731 1209 827 1303 plura
849 1209 890 1277 de
906 1234 1020 1278 eorum
1040 1211 1157 1301 lingua
1177 1217 1304 1308 cognita

122 1320 124 1324 ’
202 1311 376 1395 habemus)
406 1336 481 1379 cum
509 1311 650 1402 Argivis
679 1309 866 1379 communia
893 1312 1026 1379 babent.
1071 1314 1186 1399 Quare
1213 1319 1326 1386 dubi·-

202 1426 310 1482 tautcr
331 1435 389 1480 cos
411 1415 474 1480 boe
496 1415 571 1481 loco
594 1414 943 1500 commemoravimus,
967 1439 1155 1508 quanquam
1178 1419 1304 1490 mitiora

97 1517 105 1534 “
202 1513 329 1584 Doride
346 1539 431 1583 usos
452 1539 528 1585 esse
547 1515 700 1583 affirmari
721 1541 788 1584 nou
811 1527 930 1608 potest.

244 1620 323 1700 4)
369 1612 744 1709 septentrionalis
776 1617 879 1686 Doris
919 1643 958 1687 ea
992 1618 1134 1690 mitioris
1172 1627 1303 1713 generis
1358 1609 1359 1680 l

204 1701 334 1814 specics
357 1719 517 1813 appellari
537 1733 667 1810 potest,
691 1745 775 1812 quae
797 1719 833 1786 in
848 1721 1075 1790 Phoceusium
1096 1739 1129 1794 at
1146 1729 1303 1796 recentio-

200 1849 275 1892 rum
296 1823 523 1943 Dclqssrorum,
546 1823 750 1908 Locrorum,
773 1824 987 1907 Aetolorum,
1008 1838 1175 1918 postremo
1196 1829 1305 1897 Thau·

201 1925 426 2010 maurusium,
461 1925 519 2016 qui
548 1935 599 1992 ost
620 1924 824 1991 Phthiotidis
845 1926 1011 2016 populus,
1042 1927 1152 1997 titulis
1176 1934 1303 2024 conspi-

201 2030 300 2097 citur.
345 2029 379 2095 Α
406 2026 536 2117 vulgari
564 2026 692 2093 Doride
720 2051 788 2094 nou
817 2027 984 2119 discrepat
1012 2041 1243 2123 praeterquam
1269 2037 1302 2102 iu

124 2151 128 2160 ·
200 2129 456 2222 praepositionis
479 2131 510 2193 ἐν
531 2151 592 2217 pro
615 2131 660 2206 εἰς
680 2151 764 2214 usu,
801 2129 859 2220 qni
881 2131 1016 2200 Boeotis
1042 2136 1230 2230 eommunis
1257 2152 1302 2208 est

200 2234 270 2304 uid.
294 2234 327 2316 ξ.
348 2233 412 2316 43,
435 2231 478 2315 6,
501 2230 622 2298 dativis
640 2231 756 2297 tertiae
778 2232 1010 2300 declinationis
1033 2233 1176 2302 subinde
1198 2238 1234 2304 in
1258 2265 1302 2318 οις

201 2333 402 2404 excuntibus
423 2343 461 2404 ut
483 2330 615 2417 ἀγῶνοις
636 2332 668 2416 ξ.
693 2331 757 2416 30,
777 2333 800 2412 3
820 2345 853 2400 et
874 2334 951 2402 aliis
973 2336 1192 2428 quibusdam,
1222 2363 1302 2432 quae

201 2435 447 2527 composuimus
471 2434 555 2502 1..1
585 2438 618 2521 ξ.
643 2435 706 2520 54,
729 2433 761 2501 3.
807 2435 926 2520 Adde,
961 2439 1051 2528 quod
1077 2441 1245 2512 vocalium
1273 2470 1301 2512 ro

201 2552 235 2608 et
256 2565 297 2605 aar
318 2538 499 2607 contractio
516 2538 625 2630 multo
647 2537 745 2608 ctiam
767 2537 877 2630 miuus
900 2563 998 2629 qnam
1025 2540 1061 2606 in
1083 2543 1217 2634 vulgari
1237 2545 1302 2614 Do·
1357 2599 1358 2608 ,

199 2642 478 2713 ιίιιωιιιιιὶιιίιιιι·
499 2643 531 2723 ξ.
549 2640 618 2723 26,
640 2640 674 2705 4.
698 2639 729 2705 5.
748 2640 780 2710 6.
835 2641 959 2708 Gentes
987 2642 1064 2710 illas
1085 2667 1155 2711 non
1175 2659 1302 2715 reetea
1357 2635 1358 2658 ³

200 2745 364 2812 Strabone
396 2741 438 2811 ad
477 2742 650 2810 Aeolicam
687 2743 823 2832 stirpem
855 2743 973 2812 referri
1008 2744 1184 2815 docuimus
1216 2749 1260 2816 1..
1288 2751 1302 2816 l

198 2848 232 2931 §-
258 2848 295 2929 l,
320 2848 361 2929 l,
400 2869 511 2935 neque
540 2843 677 2910 meliore
704 2844 783 2930 jure
815 2868 928 2911 corum
962 2845 1119 2915 dialectos
1146 2850 1302 2918 Aeolicus

198 2947 314 3015 heberi
337 2959 369 3014 et
391 2969 409 3012 e
430 2947 473 3015 L.
497 2946 514 3011 1
540 2946 573 3029 §-
597 2945 640 3011 54
668 2956 701 3011 et
723 2969 764 3011 ex
786 2948 848 3014 boc
870 2947 1017 3015 secundo
1037 2948 1123 3016 libro
1146 2954 1230 3020 satis
1253 2979 1303 3020 su·

197 3075 324 3142 perque
353 3057 498 3142 apparet.
555 3045 684 3131 Quodsi
706 3047 783 3137 quis
804 3049 962 3117 Dorioam
984 3050 1163 3120 dialectum
1191 3079 1302 3122 recen·

54 3179 57 3186 ⁴
197 3153 283 3224 tiore
312 3152 442 3220 demum
469 3163 616 3241 tempora
648 3149 683 3213 in
714 3175 771 3218 eas
798 3151 953 3242 regiones
982 3151 1106 3221 illatam
1136 3156 1304 3226 existimet

198 3255 472 3348 quemadmodum
504 3253 542 3319 in
569 3251 766 3337 Arcadiam,
799 3252 831 3320 ei
861 3259 929 3322 nou
958 3255 1067 3321 solum
1095 3256 1303 3346 adversatur,

197 3359 286 3449 quod
308 3357 492 3424 Dorienses
523 3354 577 3421 vel
599 3353 741 3421 coloniis
770 3355 825 3422 vel
853 3356 991 3446 imperio
1020 3358 1074 3425 vel
1103 3365 1303 3432 commercio

193 3485 312 3554 ¹parum
343 3459 390 3526 ibi
416 3456 589 3540 valebant,
625 3457 686 3522 sed
713 3457 811 3523 etiam
838 3457 928 3545 quod
949 3459 1037 3527 lavia
1058 3462 1224 3550 quaedam
1249 3463 1304 3532 sed
1356 3547 1357 3552 ἵ

196 3562 382 3631 constantia
404 3559 594 3627 discrimina
616 3558 704 3626 inter
725 3558 1016 3649 septentrionalem
1045 3559 1138 3628 illam
1168 3577 1204 3632 et
1230 3564 1303 3632 reli·
1356 3559 1357 3602 l

196 3691 295 3756 quam
316 3663 478 3732 Doridem
501 3660 721 3727 intercedunt.
776 3659 846 3726 Gur
876 3661 965 3729 enim
986 3663 1101 3731 Aetoli
1123 3676 1158 3731 et
1180 3667 1303 3760 reliqui

195 3777 275 3857 post
294 3767 455 3833 Doridem
477 3775 640 3852 receptam
660 3762 872 3852 pertinaciter
893 3765 925 3828 ἐν
946 3787 1008 3854 pro
1030 3768 1075 3842 εἰς
1095 3767 1302 3836 retinerent?

196 3868 313 3958 ltaque
341 3867 398 3931 vix
424 3889 602 3957 possumus
628 3871 710 3955 quin
739 3875 855 3953 gentes
882 3863 960 3933 illas
988 3867 1029 3934 ab
1059 3868 1304 3960 antiquissimis

164 4041 171 4054 „
197 3966 403 4059 temporibus
423 3967 546 4042 Dorice
568 3968 698 4035 locutas
718 3989 792 4033 esee
814 3967 1044 4035 existimomus
1071 3980 1148 4054 ant,
1185 3985 1226 4040 ut
1253 3995 1302 4039 ao·

197 4070 344 4137 curatius
364 4070 557 4160 loquamur,
580 4093 618 4136 ea
640 4068 781 4136 dialecto
803 4092 881 4136 usas
904 4094 999 4156 esse,
1022 4094 1107 4162 quae
1124 4097 1144 4137 a
1157 4074 1302 4143 Dorien-

198 4172 331 4239 sibus'
320 4196 356 4237 m
389 4171 471 4238 alias
497 4182 600 4238 terras
631 4181 809 4263 propagata
836 4157 985 4240 Doricae
1010 4197 1131 4242 nomeu
1160 4175 1300 4266 accepit.
