2726 4820
224 377 256 470 6.
284 379 345 455 33.
397 381 454 454 De
479 379 628 476 reliquis
656 378 946 477 pronominibus.
1062 381 1139 458 269

67 577 144 662 XIV,
164 579 203 647 26
221 580 274 646 τόν
298 581 444 664 νλήμενον
465 585 574 659 τῆνον,
601 580 637 667 Ι,
666 581 836 665 120126,
859 581 946 667 Vll,
971 583 1045 650 151.
1089 585 1139 651 Ει

67 683 202 750 sententia
223 683 308 774 apud
323 683 454 773 Attieos
478 685 609 774 saepius
633 683 725 759 οὗτος
748 707 845 773 quem
861 687 976 761 ἐκεῖνος
989 685 1135 776 ponitur.

130 789 159 864 e)
197 785 397 878 Saepissime
419 790 513 864 τῆνος
533 787 576 852 nd
597 809 634 853 ee
657 798 799 876 spectet,
825 809 909 876 quse
930 789 1043 878 pantio
1061 803 1137 856 ante

64 903 285 956 commemorate
308 900 403 966 sunt,
434 899 471 954 ut
493 889 650 955 Latinum
673 890 729 954 ise
762 889 896 955 Hereel.
922 891 957 973 1,
980 891 1022 958 87
1044 891 1139 976 κόψον

64 986 88 1048 di
109 993 162 1053 zoio
191 995 338 1078 δενδρέων
367 991 438 1057 οὐδὲ
465 992 601 1077 notuisse
630 990 702 1056 οὐδὲ
728 990 768 1068 ἧς
798 990 869 1056 οὐδὲ
891 993 923 1056 tr
953 991 1024 1058 οὐδὲ
1048 995 1138 1070 ἄλλος

62 1087 140 1172 τήνῳ,
162 1095 215 1160 nbi
237 1096 319 1178 τήνῳ
340 1097 483 1162 refertur
504 1095 545 1160 nd
568 1093 639 1160 οὐδὲ
660 1092 700 1171 ἧς
721 1094 745 1158 i.
763 1118 793 1159 e.
818 1093 939 1180 oridsio3
963 1096 1082 1186 Epieb.
1096 1099 1137 1164 19

61 1194 136 1257 urire
155 1223 200 1274 τις
221 1198 323 1264 ἀντίον
342 1225 372 1262 τν
394 1201 432 1288 λῇ
452 1197 535 1280 τήνῳ
557 1197 652 1280 λέγειν
662 1229 683 1276 ,·
706 1195 786 1277 τήνῳ
809 1197 983 1279 κυδάζομαί
1003 1223 1035 1262 τε
1056 1199 1136 1264 edn'·

60 1287 93 1356 dv
109 1294 265 1384 ἠχθόμαν,
300 1299 357 1365 ubi
379 1311 554 1390 utrumqne
575 1299 654 1381 τήνῳ
676 1299 717 1364 nd
737 1297 975 1378 edwtotroirna,
1000 1301 1057 1391 qni
1079 1325 1136 1366 en·
1213 1361 1214 1366 ,

58 1406 97 1461 ten
126 1414 414 1486 commemoratur,
456 1403 621 1492 pertinere
653 1401 805 1484 videtur3
849 1403 968 1491 Epieb.
1002 1403 1067 1483 95,
1101 1406 1134 1488 7,

59 1496 177 1566 Tbeoer.
212 1506 247 1588 l,
272 1509 305 1571 4.
329 1507 361 1572 5.
386 1507 438 1571 11.
463 1507 516 1570 71.
542 1505 594 1572 72.
627 1504 673 1587 V,
695 1505 749 1568 43.
781 1503 834 1569 63.
870 1505 1034 1588 vll,63.
1060 1506 1133 1572 104.

58 1597 110 1684 111,
130 1605 180 1671 29.
213 1607 311 1690 xlv,
339 1610 371 1676 7.
405 1606 510 1686 XVI,
539 1609 593 1674 42.
627 1605 749 1687 XVII,
783 1605 834 1670 16.
859 1607 911 1672 46.
945 1607 1048 1692 XXI,
1080 1608 1133 1674 16.
1202 1611 1205 1622 i

59 1699 153 1794 Epigr.
182 1709 213 1774 6.
271 1709 433 1798 Ejusdem
462 1693 594 1797 generis
624 1720 692 1790 est,
725 1708 813 1796 qnod
836 1709 887 1772 Id.
911 1708 946 1773 11
976 1709 1010 1774 in
1027 1731 1135 1778 ‘versu

59 1801 219 1877 intercalari
242 1837 275 1880 v.
301 1814 341 1878 17
364 1824 426 1878 eto.
460 1823 494 1876 et
520 1821 686 1899 praetereo
708 1835 741 1874 v.
766 1809 819 1875 31.
843 1809 887 1875 60
908 1808 1028 1876 absens
1050 1837 1135 1880 emn-

58 1905 128 1992 sins,
163 1913 202 1981 de
230 1938 297 2004 qno
326 1926 419 1980 antee
449 1914 572 1980 dietum
602 1924 688 1995 eret,
721 1935 781 2001 per
801 1915 893 1990 τῆνος
917 1911 1135 2000 significetur,

57 2006 202 2082 Grreoitns
222 2017 374 2106 vulgaris
393 2018 478 2082 bene
500 2017 534 2082 in
559 2015 751 2082 sententiam
775 2013 868 2090 αὐτός
891 2013 1041 2098 adhibet,
1077 2017 1135 2082 ubi

56 2114 127 2180 nulla
146 2119 353 2206 pronominis
376 2121 426 2185 vis
449 2131 519 2203 est,
544 2117 634 2193 οὗτος
657 2128 689 2182 et
699 2117 806 2182 rarius
823 2118 958 2194 ἐκεῖνος,
982 2117 1039 2182 nbi
1058 2142 1134 2208 pro·

55 2219 156 2284 nomini
186 2223 315 2311 aliquid
337 2222 494 2313 ponderis
517 2221 682 2288 tribuitur.
738 2219 861 2286 Eadem
893 2220 976 2286 ratio
1005 2232 1056 2287 est
1077 2221 1135 2286 nd·
1226 2304 1229 2314 η

55 2319 136 2388 verbii
151 2327 246 2402 τηνεῖ
266 2325 301 2389 in
323 2323 375 2388 bis
398 2323 499 2388 loeis:
523 2323 643 2414 Epiob.
669 2323 726 2400 19,
751 2321 894 2388 Tbeoer.
919 2322 968 2406 11,
990 2324 1045 2390 98.
1070 2324 1134 2406 lv,

55 2414 95 2482 35.
112 2424 152 2508 V,
175 2427 230 2494 97.
256 2425 332 2506 xl,
355 2425 408 2492 45.
434 2426 551 2515 Epigr.
575 2429 616 2508 4,
642 2427 702 2506 13,
727 2423 784 2489 nbi
806 2423 1035 2514 interpreteris
1056 2427 1132 2492 ibi.

52 2515 201 2594 Postremo
223 2531 367 2606 τηνῶθεν
388 2527 536 2592 Aubern.
559 2527 623 2594 720
645 2539 695 2592 est
716 2525 828 2592 inde.
863 2526 991 2617 ⁴Vulgo
1014 2530 1134 2595 Granni

51 2623 194 2696 adverbiis
218 2631 300 2696 ἔνθα
322 2641 356 2696 et
377 2630 466 2694 ἔνθεν
488 2630 522 2694 in
544 2651 614 2692 enm
635 2627 794 2694 rationem
818 2637 965 2694 utuntur.
1090 2674 1092 2682 ι

72 2708 82 2730 i
116 2733 148 2812 1)
190 2735 251 2800 Ad
274 2757 418 2823 sequens
448 2730 617 2798 relativum
647 2740 788 2819 spectet,
817 2741 861 2794 'ut
888 2729 1045 2798 Latinum
1076 2735 1132 2799 is:
1237 2770 1250 2789 κ

49 2823 172 2900 Tbeoer.
198 2837 268 2928 Ep.
295 2836 336 2901 18
366 2833 431 2898 ἀντὶ
458 2834 576 2917 τήνων,
612 2832 675 2914 ὧν,
711 2833 761 2896 ld.
783 2831 859 2916 111,
883 2833 926 2899 10
946 2839 1070 2911 moder
1092 2871 1133 2889 --

47 2927 83 3007 oi,
103 2935 181 3004 ibid.
199 2939 244 3005 25
266 2942 351 3015 envoi
372 2979 413 2990 -
438 2935 538 3020 niueo,
563 2947 599 3000 ut
620 2961 638 3002 e
660 2935 757 3000 bonis
778 2935 874 3001 libris
892 2937 1133 3008 restituendum

48 3045 96 3099 est.
135 3039 254 3133 Vulgo
276 3039 395 3106 Graeci
419 3038 509 3114 οὗτος
532 3050 565 3103 et
585 3038 676 3103 ἔνθεν
706 3061 742 3103 ee
775 3038 808 3105 vi
838 3039 1026 3125 instruunt,
1059 3067 1133 3110 ιντο

47 3133 143 3216 ἐκεῖνος
165 3155 200 3208 et
221 3142 378 3209 adverbia
400 3140 473 3230 ejus
496 3139 618 3231 stirpis.

114 3243 308 3312 Omittimus
334 3244 516 3327 nonnullo,
548 3243 606 3308 ubi
636 3241 842 3333 pronominis
872 3241 921 3309 vis
943 3244 1055 3310 minus
1076 3269 1132 3334 up·

42 3357 138 3431 paret,
162 3359 200 3414 nt
223 3347 343 3436 Sopbr.
370 3347 433 3432 10,
456 3346 577 3436 Epieb.
603 3346 665 3414 105
685 3357 719 3412 et
740 3343 937 3411 Theocritee
961 3344 1131 3437 quasdem.

41 3439 78 3508 Et
97 3451 194 3536 setis,
229 3453 365 3541 opinor,
399 3449 628 3525 intellexeris,
660 3451 754 3526 τῆνος
785 3447 1027 3537 significatione
1049 3448 1133 3516 mul·

39 3553 96 3611 turn
126 3552 169 3616 ab
201 3553 321 3628 ἐκεῖνος
350 3553 538 3617 abhorrere.
592 3550 677 3616 Nem
706 3573 747 3614 ne
769 3549 859 3614 nllus
880 3551 1016 3640 quidem
1038 3551 1131 3618 loeus

38 3651 212 3738 reperitur,
248 3655 306 3719 nbi
329 3654 413 3721 illud
434 3676 493 3743 pro
516 3656 578 3718 boe
600 3652 745 3743 positum
767 3651 949 3718 existimari
971 3663 1131 3742 oportent,

36 3753 135 3838 multi,
157 3756 218 3821 ubi
241 3755 371 3848 vulgari
394 3754 572 3822 Graecitnti
594 3753 684 3830 οὗτος
704 3753 903 3820 familiarius
927 3765 1017 3821 esset
1032 3778 1130 3846 quem

35 4013 193 4078 Boeekbius
211 4023 324 4076 ΩΗΕΝ
340 4025 368 4080 1ο
387 4015 450 4099 ὦνερ
468 4023 603 4092 mutavit,
630 4038 681 4076 nos
703 4021 818 4078 facilius
839 4022 869 4076 in
889 4012 910 4074 d
927 4021 993 4087 ξέν’,
1022 4007 1132 4076 ¹deinde

33 4106 224 4164 eButtmnnni
245 4114 403 4180 conjectura
420 4113 536 4181 scripsit
553 4109 635 4179 ἔγεντ’
653 4108 769 4177 Ἰθάκῃ,
797 4125 881 4178 quum
900 4108 1054 4165 mutatione
1077 4125 1132 4162 non

34 4205 97 4258 opus
123 4213 189 4252 esse
216 4196 357 4254 videntur.
412 4199 572 4268 conjungas
599 4199 673 4254 enim
697 4197 776 4250 ἔνεῖτο
800 4197 824 4257 tr
841 4195 924 4270 Ἄρεα
940 4209 968 4251 et
985 4199 1131 4280 compares

32 4276 208 4339 Homericum
228 4282 371 4348 ντσσόμενος
388 4285 528 4350 πόλεμόνδε
546 4287 583 4341 11.
601 4307 631 4355 ν,
652 4288 711 4344 186.
738 4304 768 4351 ο,
786 4287 848 4340 577.
