2746 4818
294 416 327 508 §.
355 419 417 495 43.
470 421 527 492 De
549 417 886 516 praepositionibus.
1061 419 1139 498 355

50 623 240 710 ἀναγράψαι,
272 622 446 707 ἀναθέμεν,
478 622 676 707 ἀνανεοάται,
705 622 1016 709 παραγινόμενος-
1045 626 1136 692 Cret.

47 726 123 792 2555
145 724 371 809 ἀγγραψάντοιν
381 777 394 804 ,
415 725 503 794 2554
524 726 565 809 ἀμ
586 725 725 808 ποταμόν
746 737 780 791 et
801 727 839 790 ἀν
860 726 972 812 ῥάχιν,
996 727 1054 795 scd
1075 728 1139 793 ibi·

49 827 113 892 dem
135 827 338 911 ἀναγινώσκω
361 837 394 894 et
416 827 538 894 similia
560 869 603 880 -
625 827 714 894 Cret.
729 827 815 895 3050
829 831 1032 915 παρδέγεται,
1055 857 1141 915 παρ-

47 933 141 1008 uulsi,
175 929 241 1018 πάρ
263 933 302 1010 τᾷ
324 942 356 994 ct
378 929 605 1009 ἀναδείκναντι,
639 931 725 998 3047
752 929 817 1016 πάρ
839 935 900 996 τών
921 946 954 998 et
974 932 1062 1015 παρά
1083 941 1138 1013 τώ,

47 1031 122 1098 3043
142 1031 209 1116 πάρ
239 1036 364 1114 Τηΐιον,
387 1032 472 1098 3058
494 1031 667 1117 ἀγγράψαι.

123 1135 260 1224 Reliqui
275 1134 364 1200 tituli
382 1157 550 1224 apocopen
570 1134 742 1222 ignorante
766 1135 889 1226 Delph.
906 1137 1009 1202 Phoc.
1027 1140 1138 1206 Aetol.

45 1235 161 1302 Acarn.
187 1237 324 1326 Corcyr.
350 1235 756 1318 1838,h.1841-1844.
791 1239 902 1306 Rhod.
933 1241 1052 1329 Astyp.
1080 1241 1141 1307 Ca·

44 1336 140 1423 lymn.
173 1337 401 1404 Ther.·Cret.
422 1337 519 1406 2556.
554 1337 677 1427 Cyren.
712 1350 798 1424 ete,
830 1342 888 1432 qui
918 1365 1033 1408 omnes
1061 1345 1141 1410 Ale·

44 1440 154 1505 xandri
176 1452 289 1514 aetate,
302 1441 503 1506 recentiores
519 1451 608 1506 suut.
651 1441 845 1507 Paullulum
860 1443 1028 1528 miramur,
1052 1447 1142 1536 quod

43 1539 75 1604 iu
96 1542 227 1608 Isseusi
250 1567 301 1607 nr.
324 1543 428 1625 1834,
461 1553 605 1608 ceterum
635 1542 854 1630 antiquiorem
883 1545 1030 1613 indolem
1058 1551 1141 1615 rcl'e·

43 1656 148 1728 rente,
173 1643 357 1728 ἀναγράψαι
378 1645 528 1710 traditur.

123 1747 310 1838 Scriptores
339 1747 544 1837 antiquiores
574 1743 718 1834 genuina
744 1743 867 1813 Dorica
896 1747 1035 1815 dialecto
1063 1775 1141 1817 usos

43 1871 207 1938 apocopen
236 1861 324 1916 certe
354 1873 421 1914 non
449 1849 557 1937 magis
578 1856 745 1914 aversatos
766 1871 840 1914 esse
862 1873 960 1938 quam
981 1851 1018 1916 fit
1038 1852 1073 1916 iu
1095 1863 1142 1918 ta·

42 1948 126 2016 bulis
149 1950 432 2019 Heracleensihus
460 1962 494 2015 et
523 1949 664 2040 reliquis
693 1948 802 2015 titulis
823 1951 936 2039 paullo
955 1955 1142 2021 vetustiori·

40 2051 113 2137 hus,
137 2066 397 2120 consentaneum
420 2065 481 2119 est.
528 2051 629 2141 Apud
644 2051 878 2140 Epicharmum
900 2053 1057 2143 leguntur
1071 2082 1143 2122 κατ-

41 2154 90 2219 τόν
112 2157 167 2224 19.
192 2156 255 2237 94,
288 2156 442 2237 κατθέμεν
462 2155 506 2222 48
534 2157 583 2236 (ct
603 2157 767 2219 κατθεῖναι
788 2156 877 2222 iuter
900 2181 1063 2248 syncopae
1089 2183 1143 2224 ex·

41 2259 147 2348 ampla
169 2283 212 2325 cx
233 2258 435 2346 Epicharmo
457 2259 589 2322 affertur
609 2280 628 2320 a
650 2255 831 2346 Tryphone
847 2257 928 2322 πάθ.
943 2261 1003 2335 λε’ξ.
1028 2256 1059 2349 §.
1072 2263 1143 2347 23),

41 2361 207 2438 κατθανών
230 2361 313 2445 146,
349 2359 546 2426 ποτιοάτοισι
568 2358 627 2443 35,
662 2361 817 2441 ποτθέμεν
839 2359 883 2428 94
912 2362 1040 2442 (contra
1063 2364 1144 2429 acroi

38 2463 139 2542 πόδας
163 2465 226 2547 18,
257 2460 336 2526 κατά
360 2462 456 2544 φύσιν
476 2462 540 2546 94,
571 2463 761 2544 καταφαγεῖν
784 2462 836 2528 19.
861 2463 924 2545 23,
949 2470 1144 2546 καταμαθεῖν

38 2566 98 2650 95,
134 2563 295 2631 καταδικά
315 2565 393 2649 99),
426 2563 504 2628 item
528 2563 571 2644 ἀμ
590 2561 771 2645 πεντόγκιον
790 2562 911 2652 Epioh.
936 2565 956 2630 5
978 2577 1010 2630 et
1032 2567 1145 2633 ἀνδοά-

37 2693 122 2749 μενοι
148 2667 271 2757 Sophr.
295 2668 358 2751 97,
393 2690 453 2732 nec
486 2665 624 2730 dubium
652 2674 721 2747 est,
755 2662 836 2754 quin
867 2663 1044 2750 ἀνανεμειν,
1077 2694 1144 2759 quo

37 2771 162 2836 Suidas
186 2771 423 2859 Epicharmum
444 2792 504 2858 pro
528 2765 749 2849 ἀναγινώσκειν
771 2791 866 2832 usum
890 2767 989 2847 dicit,
1015 2795 1056 2836 ex
1076 2773 1144 2838 He·

37 2875 200 2960 sychiana
235 2873 346 2960 glossa
381 2871 538 2953 ἀνιέμενα,
573 2867 795 2952 ἀναγινώσκειν
827 2869 951 2960 corrigi
984 2883 1142 2961 oporteat.

33 2975 156 3065 ltaque
191 2995 259 3038 nou
291 2973 446 3040 videntur
480 2970 623 3060 genuina
654 2975 820 3060 παρατιθῇ
858 2981 891 3037 et
920 2973 1009 3054 παρά
1039 2973 1145 3053 τήνοις

34 3078 162 3167 Epich.
191 3077 247 3142 111
275 3085 308 3140 et
331 3075 413 3155 124,
448 3097 531 3162 quae
554 3084 666 3139 contra
687 3073 858 3138 titulorum
882 3074 1015 3140 illorum
1036 3077 1144 3164 legem

29 3191 191 3270 peccant.
238 3177 319 3243 Item
343 3176 377 3240 in
393 3175 598 3262 Megareusis
611 3173 846 3263 Aristophauei
868 3175 979 3241 verbis
999 3202 1145 3270 apocope

29 3293 178 3372 regnat:
213 3279 331 3362 ἄμβατε
350 3279 433 3360 698,
458 3279 592 3342 άντεινον
613 3277 696 3354 732,
721 3279 759 3340 ἀν
779 3276 832 3341 τάν
854 3275 959 3343 ὀδελὸν
983 3277 1146 3366 ἀμπεπαρ-

27 3387 127 3468 με’νον
153 3383 243 3464 762,
266 3380 381 3445 ποττάν
403 3391 436 3444 et
455 3379 548 3444 ποττὸ
571 3380 645 3446 698.
668 3379 746 3445 717.
770 3379 852 3465 749,
876 3403 978 3444 ununr
1001 3380 1146 3467 ἀναχνοι-

28 3491 121 3576 ανθῇ
136 3485 206 3552 757
226 3483 341 3549 Attico
362 3490 479 3571 potitae
501 3481 744 3565 condonamus,
768 3493 799 3546 ct
814 3481 949 3548 Doricis
972 3483 1053 3548 adeo
1066 3491 1145 3572 pot·

23 3592 69 3656 tis
94 3587 247 3655 licuisse
269 3595 441 3674 putamus,
464 3597 502 3648 ut
522 3583 618 3648 metri
640 3585 743 3674 gratia
768 3607 912 3674 apocope
929 3585 1145 3664 abstinerent,

25 3693 138 3784 quale
175 3697 226 3752 est
253 3692 325 3751 nort
344 3685 401 3750 τάν
421 3684 568 3769 Timocr.
592 3685 625 3751 6.
659 3723 701 3736 -
743 3685 860 3776 Neque
889 3686 951 3752 alia
982 3709 1146 3777 syncopae

19 3797 82 3862 lex
108 3798 257 3882 apparet
277 3790 312 3853 1ο
334 3787 538 3876 Lysistratus
573 3786 610 3850 ἀν
631 3784 690 3870 γάρ
715 3787 820 3872 1001,
854 3787 1048 3871 ἀμπτάμενος
1071 3791 1145 3873 106,

22 3892 261 3983 ἀμβαλώμεθα
284 3889 389 3974 1096,
425 3888 612 3972 ἀμπάλλοντι
635 3887 719 3953 1310
740 3884 904 3978 (neglecta
926 3889 962 3954 in
985 3889 1146 3973 ἀναπεφα-

20 4001 164 4083 σμένως
187 3994 271 4060 1099
294 4015 439 4082 syncope
460 3991 587 4057 indicio
609 4001 679 4072 est,
701 4011 815 4056 vocem
838 3991 879 4057 ad
898 3992 1004 4058 Attici
1026 3993 1146 4059 oratio·
1212 4009 1214 4014 ’

16 4127 105 4170 nem
134 4096 334 4169 trahendam
366 4118 439 4159 esse
467 4093 535 4160 vid.
566 4087 598 4180 §.
621 4092 661 4157 41
694 4101 763 4156 uot.
787 4087 846 4174 2);
881 4092 945 4175 πάρ
967 4093 1021 4159 τὸν
1050 4095 1146 4179 1309,

14 4207 207 4292 πάρφαινε
237 4197 320 4276 183,
357 4217 458 4284 quare
487 4194 523 4258 in
551 4191 638 4277 παρά
667 4197 706 4273 τᾷ
728 4197 786 4274 σιῷ
809 4193 1148 4263 1741ioeniusrectc

13 4321 217 4402 apocopen
238 4297 405 4388 postulare
430 4293 578 4381 videtur3
601 4297 718 4360 κατιών
741 4294 837 4379 1259,
860 4296 954 4362 ποτώ
977 4299 1051 4381 117,
1074 4323 1146 4364 ποτ--

891 4424 953 4491 23*
