2742 4814
280 365 316 456 5.
343 364 404 482 48.
456 361 884 438 nominenumine·
1012 362 1123 476 ν413
1202 379 1206 402 ¹

40 571 122 638 ctiam
139 567 235 636 verba
256 575 421 634 contracta
443 576 477 632 et
498 565 607 630 lutura
627 563 752 652 tangit,
782 561 913 631 differre
935 563 1066 632 videtur
1086 577 1123 634 nt

39 673 258 756 Mocpeyc'vsuc,
291 653 546 754 opomerdpcuoc,
578 668 797 732 diuturniore*
830 666 1021 734 Infinitivus
1043 692 1122 735 con·

34 773 202 864 jugationis
224 772 260 836 in
282 798 316 855 pse
336 771 566 838 terminatione
586 768 716 859 vulgari
734 768 839 834 utitur
853 780 892 834 ut
910 768 1019 858 ridges,
1043 771 1122 838 item

36 878 119 944 tertia
139 873 275 965 pluralis
296 872 454 940 infinitivi
476 885 513 938 ut
539 868 658 958 dierum
682 883 900 940 extremarum
922 871 1122 962 syllabarum

35 976 183 1068 correptio
205 999 274 1050 non
294 986 482 1065 usurpatur.

108 1135 138 1212 c)
165 1131 450 1197 Theraeornm
476 1129 633 1196 dialectos
655 1152 673 1195 a
695 1127 826 1219 vulgari
838 1129 966 1197 Doride
980 1131 1122 1198 maxime

33 1237 218 1328 syllabarum
239 1231 388 1299 finalium
411 1233 618 1321 correptione
640 1230 857 1320 distinguitur
876 1241 915 1297 ut
935 1231 990 1310 τός
1013 1232 1120 1318 νόμος,
1259 1309 1262 1316 ,

31 1342 123 1424 λε’γες,
145 1335 239 1413 θύεν,
265 1333 375 1420 ἄγαγὲν
396 1333 462 1401 vid.
486 1333 519 1416 ἓ.
535 1335 598 1422 2l3
622 1332 743 1400 deinde
762 1333 879 1400 tertiae
900 1333 1039 1423 pluralis
1060 1335 1121 1401 im·

30 1438 157 1532 perativi
178 1435 407 1512 terminatione
429 1462 471 1499 ov
492 1446 529 1500 ut
550 1435 705 1522 ἐχόντων,
733 1435 955 1525 repertorum
988 1437 1121 1505 vocales

30 1568 55 1608 co
80 1565 144 1605 non
166 1538 354 1605 coalescunt
375 1537 410 1602 iu
433 1561 466 1600 cv
487 1536 554 1601 nisi
575 1537 611 1601 in
634 1535 828 1604 nominibus
854 1560 928 1602 cnm
943 1543 1019 1618 κλῆς
1033 1563 1121 1606 com·

28 1642 139 1736 positis
163 1652 199 1706 ut
218 1639 388 1718 Ἰσοκλεῦς,
413 1660 514 1730 quum
535 1639 572 1705 in
595 1638 737 1730 reliquis
759 1637 918 1726 genitivis
939 1641 1029 1706 etin
1048 1667 1121 1708 ver-

27 1747 73 1814 bis
98 1769 134 1810 ου
154 1754 324 1825 nascatur,
340 1751 344 1766 '
360 1752 395 1806 ut
419 1742 648 1826 Πραξιτέλους,
680 1739 917 1824 ἀφαιρούντων,
951 1743 1119 1818 deteriores.

26 1847 207 1914 Infinitivus
237 1841 481 1932 conjugationis
513 1843 548 1909 in
575 1870 610 1925 μι
638 1843 807 1932 vulgarem
828 1831 986 1910 Doricam
1008 1845 1121 1911 termi-

25 1950 186 2017 nationem
209 1959 318 2015 servat
338 1957 374 2010 ut
397 1945 499 2028 δόμεν.
523 1983 565 1995 -
596 1945 675 2012 Coi
697 1969 770 2011 cum
792 1945 953 2012 Theraeis
971 1945 1125 2022 finalium!

24 2053 219 2144 syllabarum
240 2046 480 2138 correptionem
501 2071 705 2114 communem
727 2047 908 2134 hebebant,
930 2058 967 2113 nt
987 2060 1121 2139 apparet

23 2180 36 2220 c
67 2151 163 2220 titulo
192 2177 243 2217 nr.
267 2151 364 2218 2508.
410 2149 480 2216 Eos
501 2150 608 2239 magis
631 2175 729 2240 quam
751 2149 922 2218 Theraeos
945 2150 1120 2240 dipbtbon·

23 2282 100 2348 gum
125 2279 157 2318 cn
178 2251 399 2320 contrahendo
429 2251 598 2335 cli'ecisse,
631 2252 701 2320 noli
725 2277 743 2320 e
765 2277 818 2320 nr.
838 2253 924 2322 2513
946 2252 1117 2344 colligere.

20 2362 67 2426 Ea
93 2357 178 2424 euim
202 2355 395 2444 inscriptio,
420 2380 518 2447 quum
533 2355 752 2421 Fourmontns
775 2366 887 2446 aperto
910 2379 1018 2422 errore
1035 2355 1120 2422 Chio

19 2460 153 2544 tribuit,
176 2457 364 2523 Boeclcbius
389 2481 407 2522 c
430 2459 617 2544 conjectura
638 2458 725 2522 iuter
740 2456 827 2523 Goas
846 2457 977 2548 poenit,
999 2458 1120 2526 Rbodo

18 2560 213 2631 vindicanda
236 2583 309 2625 esse
331 2558 462 2624 videtur
483 2560 528 2624 cf.
554 2584 604 2624 nr.
628 2558 726 2626 2545.
749 2557 847 2627 2546.

101 2717 178 2800 Quo
198 2715 525 2804 Auapbaeornm
553 2713 669 2802 lingua
689 2713 861 2782 referenda
882 2713 946 2800 sit,
980 2737 1048 2783 neu
1069 2740 1131 2806 sa·-⁸

13 2823 52 2888 tis
77 2827 226 2910 apparet.
272 2817 413 2906 Propter
443 2827 563 2882 arctam
595 2839 669 2884 cum
693 2817 854 2884 Theraeis
875 2817 1117 2906 cognationem,

12 2925 50 2990 de
88 2943 155 3011 qua
189 2917 264 2987 vide
295 2917 454 2986 Roscium
486 2918 523 2984 in
553 2918 651 2986 Actia
680 2919 881 2988 Academiae
907 2919 1119 2989 Monacensis

9 3025 101 3092 llist.
126 3022 219 3088 Pbil.
252 3020 336 3088 1837
363 3020 625 3111 p.·401seqq.,
658 3022 799 3090 similem
820 3023 988 3092 Tberaeae
1018 3024 1119 3091 diale-

8 3141 98 3194 ctum
122 3123 213 3214 apud
230 3123 429 3212 Anapbaeos
452 3123 669 3214 suspicamur.
713 3125 817 3194 Nullo
838 3136 946 3192 umen
968 3127 1118 3216 exemplo

8 3230 201 3311 indicatur,
222 3235 332 3292 utrum
355 3237 514 3295 extremas
536 3225 942 3316 syllabascorripuerint,
970 3227 1007 3292 id
1028 3225 1118 3316 quod

8 3330 175 3400 l'lreraeis
198 3327 373 3418 praecipue
394 3328 561 3418 peculiare
584 3339 655 3414 est,
689 3351 816 3414 necne3
853 3351 886 3392 cv
903 3328 940 3394 in
961 3328 1118 3417 genitivis

8 3435 144 3524 saepius
168 3450 265 3520 quem
287 3430 430 3496 'l'beraei
451 3431 673 3507 admiserunt,
699 3441 736 3495 ut
759 3430 1016 3516 Tricosapcircveg
1038 3453 1118 3494 uum

8 3539 107 3603 ctiam
139 3535 177 3600 in
199 3532 329 3615 verbis,
362 3556 429 3600 non
456 3541 556 3619 patet.
612 3531 791 3600 Infinitivis
813 3533 1060 3624 conjugationis
1081 3530 1118 3597 in

8 3668 31 3704 u
56 3633 225 3722 vulgaris
242 3632 428 3700 terminatio
457 3644 507 3698 cst
536 3643 572 3698 ut
601 3634 751 3715 δοθῆμεν.
781 3677 823 3690 -
875 3633 990 3702 Minna
1019 3635 1118 3702 etiam

8 3747 163 3807 ¹ceurate
184 3736 227 3802 de
248 3733 478 3803 Meliorum
507 3733 647 3802 dialecto
670 3748 815 3816 constat,
846 3762 948 3828 quum
969 3763 988 3804 e
1010 3736 1117 3806 titulis

8 3841 91 3908 cibil
116 3847 275 3928 appareat
295 3835 362 3902 nisi
383 3833 514 3904 mitiore
528 3836 657 3904 Doride
677 3862 759 3908 usos
781 3863 855 3908 esse
877 3838 1042 3926 genitivos
1065 3865 1116 3909 se·

8 3942 138 4012 undae
163 3936 406 4007 declinationis*
423 3938 460 4004 in
491 3963 528 4006 ov
555 3939 771 4026 terminentep
804 3941 840 4006 in
862 3941 1116 4032 Pholegandriia

8 4041 289 4133 :scriptionibus
311 4063 353 4106 ne
376 4064 482 4130 genna
504 4041 639 4131 quidem
660 4041 800 4112 Doridis
822 4042 967 4110 discerni
993 4054 1112 4132 potest.
