2746 4818
250 389 280 482 §.
303 393 364 467 42.
400 395 457 466 De
478 394 732 494 conjugatione
751 399 929 470 anomala.
1062 401 1135 475 337

529 621 561 703 §-
593 623 646 688 42.

304 758 365 808 lte
390 761 662 824 conjugattone
683 761 877 815 anomala.

127 877 354 965 congeremus
389 879 423 944 in
456 882 544 946 huuc
571 882 703 966 locum,
745 895 780 946 ut
819 882 1022 948 consuetudo
1061 884 1137 963 lert,

50 1003 256 1070 quaecunque
297 981 420 1068 regulis
461 1006 558 1072 snpra
594 982 772 1076 propositis
805 1005 871 1048 non
904 986 1137 1074 comprehensa

50 1092 139 1163 suut,
183 1082 246 1147 alia
278 1081 312 1145 in
344 1084 533 1150 memoriam
559 1086 806 1167 revocabimus,
849 1088 1011 1154 nonnulla
1041 1087 1137 1152 verha

49 1181 260 1250 Doriensihus
283 1184 415 1273 propria
436 1187 617 1253 accuratius
638 1184 920 1277 pertractabimus.
974 1186 1138 1254 Fontibus

48 1285 146 1352 minus
168 1285 260 1377 puris
283 1287 473 1353 cautissime
495 1299 648 1372 utemur,
672 1289 750 1380 quia
772 1287 859 1378 apud
880 1287 1002 1378 lyricos
1025 1301 1058 1355 et
1078 1290 1138 1355 hu·

49 1387 185 1470 colicos,
219 1386 306 1476 opud
329 1389 462 1454 Pseudo
474 1427 486 1440 ·
498 1389 725 1482 Pythagoreos
748 1403 780 1456 et
802 1390 884 1457 adeo
904 1391 1138 1459 Archimedem

48 1489 201 1576 plurima,
237 1514 321 1579 quae
350 1492 415 1554 huc
436 1492 624 1580 pertinent,
658 1518 723 1560 nou
746 1503 886 1582 possunt
908 1503 997 1558 eerto
1020 1494 1060 1558 ad
1083 1518 1138 1582 ge·

47 1591 169 1658 nuinam
193 1590 352 1657 Doridem
376 1593 502 1659 referri.

125 1717 313 1802 ἀγγέλλω,
347 1719 470 1784 Aor.l
500 1717 668 1802 ἇνγήλωπι
699 1709 788 1785 Cret.
822 1718 929 1804 2556,
958 1723 1020 1804 43,
1053 1745 1138 1812 quae

47 1819 137 1888 lectio
159 1822 280 1887 certior
302 1821 432 1886 videtur
448 1845 544 1911 quam
558 1821 641 1886 Aor.
654 1821 689 1885 ll
709 1818 881 1905 ἀγγέλωντι,
906 1825 1137 1913 quemBoeelr·

46 1922 113 1990 hius
135 1946 237 1989 unum
262 1924 433 1989 Pricacum
456 1934 618 2015 sequutus
650 1923 774 2006 edidit,
808 1946 995 2013 quanquam
1024 1938 1056 1992 et
1084 1929 1138 1993 hic

47 2024 76 2088 in
98 2026 295 2092 minusculis
317 2054 336 2104 η
359 2027 515 2116 praehet,
539 2024 605 2091 vid.
631 2027 664 2109 §.
682 2026 738 2110 20,
761 2026 793 2090 4.
838 2024 950 2092 Futur.
973 2025 1139 2111 dyyrtc'oom

46 2125 170 2194 Herool.
194 2127 226 2210 ἓ.
250 2127 313 2212 26,
338 2130 369 2193 1.

122 2254 223 2335 ἄγω,
248 2253 383 2342 lmperl'.
410 2249 502 2337 ἆγον,
526 2257 609 2322 Aor.
623 2257 657 2323 ll
680 2256 815 2340 ἄγαγον,
838 2257 915 2322 Fut.
941 2254 1023 2333 ἆξῶ,
1047 2256 1136 2323 Perl'.

46 2355 235 2442 συναγάγοχα
258 2355 363 2421 Ther.
387 2356 483 2424 2448.
507 2358 542 2434 1,
567 2360 620 2426 28.
645 2359 691 2444 ΙΙ,
718 2358 988 2441 1911113111.
1012 2357 1135 2423 Buttm.

44 2455 146 2525 Lexil.
172 2459 186 2522 l
209 2483 242 2548 p.
267 2459 344 2538 297,
377 2457 435 2548 qui
457 2484 474 2524 c
498 2457 711 2548 Sigeeusium
734 2462 863 2525 decreto
887 2458 1024 2545 ἄγήγοχα
1045 2462 1140 2526 affert

44 2556 179 2624 Theraei
203 2559 291 2626 tituli
315 2583 382 2626 non
404 2583 546 2646 memor3
579 2562 671 2627 Pcrl.
694 2561 790 2626 Pass.
815 2555 910 2643 ἆγμαι
930 2559 1137 2645 Archiater„

42 2663 119 2728 Aur.
144 2660 161 2727 l
183 2687 213 2751 p.
240 2662 402 2746 συνάχθην
425 2677 456 2728 et
477 2663 590 2728 Futur.
615 2663 686 2751 lp.
714 2665 906 2747 συναχθησῶ
927 2662 1030 2729 Ther.
1052 2663 1138 2729 2448

43 2763 104 2828 vid.
129 2765 162 2848 ξ.
187 2765 250 2846 35,
274 2765 306 2829 3.
332 2801 372 2813 -
415 2766 522 2830 Aucta
544 2766 647 2832 forma
671 2765 829 2855 quaedam
853 2776 904 2829 est
923 2764 1009 2852 apud
1031 2763 1137 2852 Hesy-

42 2867 167 2932 chium:
209 2865 368 2950 oiyuciv,
404 2867 504 2950 dycta·
540 2873 663 2951 Κρῆτες
689 2879 721 2931 et
751 2865 949 2950 dyonodeu
980 2866 1134 2945 (Phuvor.

42 2965 192 3051 ᾰγνήσοε,
218 2969 293 3033 fort.
319 2969 463 3051 ἄγνηκε),
490 2968 621 3056 ἆγήοχε·
645 2971 811 3044 Λάκωνες.

124 3099 267 3178 niodo,
302 3095 385 3160 Aor.
410 3096 427 3161 1
456 3098 631 3180 κασαίρηον
653 3095 820 3162 Laconico
851 3119 911 3185 pro
934 3097 1137 3179 καθαίρησον

38 3199 67 3280 ξ.
80 3199 118 3282 7,
135 3201 177 3280 2,
201 3200 292 3286 Perl-
318 3208 434 3282 αἵρηκα
455 3200 486 3282 ξ.
504 3199 558 3280 35,
575 3200 616 3281 2,
639 3198 722 3263 Ant.
738 3199 803 3288 lp.
828 3199 958 3283 αἷρὲθην
980 3195 1012 3279 §.
1029 3195 1084 3280 36,
1096 3197 1136 3282 83

37 3301 120 3366 Aur.
144 3300 179 3365 11
203 3301 283 3366 εἷλον
306 3301 354 3374 (iu
378 3302 542 3366 severiore
563 3300 690 3366 Doride
712 3300 790 3378 ἧλον
809 3300 908 3363 luerit
928 3296 1135 3383 §25‚1.c),

38 3402 228 3468 infinitivus
261 3427 333 3468 cum
365 3403 591 3468 terminatione
621 3402 735 3466 aoristi
757 3401 853 3491 primi
877 3399 1012 3479 dorloa'l
1045 3397 1135 3464 Cret.

37 3505 125 3571 2557
146 3504 213 3569 vid.
239 3506 271 3588 §.
296 3507 350 3583 37,
376 3506 414 3590 53
445 3505 520 3572 Fut.
547 3508 637 3568 dreini
657 3503 757 3569 Ther.
780 3503 875 3569 2448.
901 3501 972 3582 vl,
998 3500 1050 3566 19.

126 3629 276 3707 ἀκούω,
307 3631 398 3696 Perl.
425 3633 544 3698 ἄκουκα
569 3632 749 3696 seeundum
772 3627 972 3719 grammatici
993 3626 1137 3694 resumo·

34 3733 130 3799 nium
161 3734 195 3797 in
225 3735 315 3798 Anu.
350 3735 435 3828 Oxu.
468 3734 529 3816 lv,
562 3735 640 3816 188,
666 3735 706 3799 14
740 3746 772 3798 et
803 3735 838 3798 in
869 3733 956 3798 dicto
984 3728 1136 3816 Agesilai

33 3837 207 3902 Plutarch.
232 3836 361 3926 Agesil.
386 3860 415 3899 c.
439 3837 498 3913 21,
522 3835 654 3901 Morall.
679 3860 712 3924 p.
738 3837 811 3903 191.
834 3837 910 3903 211.

123 3961 417 4048 (ἁλίσκομαι),
449 3963 540 4026 Peri.
566 3961 737 4025 ἑαλώκαντι
758 3962 792 4026 ἱιι
815 3963 953 4052 epistola
974 3961 1139 4049 Lysandri

31 4067 206 4132 Plutarch.
237 4065 370 4130 Morall.
401 4089 434 4152 p.
458 4066 521 4129 229
552 4075 583 4128 ct
614 4064 740 4129 Scholl.
772 4063 873 4130 Dion.
898 4064 1069 4151 chrysost.
1100 4086 1134 4151 p.

31 4171 109 4236 597.
137 4165 204 4251 Β.,
238 4177 350 4231 eontra
380 4167 413 4230 iu
445 4167 555 4231 cadem
579 4167 670 4231 Plut.
696 4166 842 4254 Lysand.
867 4189 897 4230 o.
924 4167 963 4231 14
986 4163 1137 4228 ἁλώκαντι

30 4283 63 4335 et
95 4269 224 4335 ibidem
253 4267 289 4332 iu
312 4266 544 4356 Spartanorum
573 4293 731 4359 responso
761 4266 856 4332 infin.
881 4264 1013 4330 ἆλώκειν
1034 4264 1077 4329 cf.
1101 4266 1133 4348 ξ.

75 4396 130 4463 11.
893 4393 937 4460 22
995 4479 996 4484 Ν
