<?xml version="1.0" encoding="UTF-8"?>
<!DOCTYPE html PUBLIC "-//W3C//DTD XHTML 1.0 Transitional//EN"
    "http://www.w3.org/TR/xhtml1/DTD/xhtml1-transitional.dtd">
<html xmlns="http://www.w3.org/1999/xhtml" xml:lang="en" lang="en">
 <head>
  <title>
</title>
<meta http-equiv="Content-Type" content="text/html;charset=utf-8" />
  <meta name='ocr-system' content='tesseract 3.04.00' />
  <meta name='ocr-capabilities' content='ocr_page ocr_carea ocr_par ocr_line ocrx_word'/>
</head>
<body>
  <div class='ocr_page' id='page_1' title='image "./degraccaelingua02ahregoog_0096.png"; bbox 0 0 2706 4818; ppageno 0'>
   <div class='ocr_carea' id='block_1_1' title="bbox 225 343 950 424">
    <p class='ocr_par' dir='ltr' id='par_1_1' title="bbox 225 343 950 424">
     <span class='ocr_line' id='line_1_1' title="bbox 225 343 950 424; baseline -0.003 -2"><span class='ocrx_word' id='word_1_1' title='bbox 225 343 276 424; x_wconf 83' lang='grc'><strong>76</strong></span> <span class='ocrx_word' id='word_1_2' title='bbox 585 347 641 422; x_wconf 84' lang='lat' dir='ltr'><strong>De</strong></span> <span class='ocrx_word' id='word_1_3' title='bbox 660 343 950 421; x_wconf 65' lang='lat' dir='ltr'><strong>consonantibus.</strong></span> 
     </span>
    </p>
   </div>
   <div class='ocr_carea' id='block_1_2' title="bbox 219 547 1301 1865">
    <p class='ocr_par' dir='ltr' id='par_1_2' title="bbox 219 547 1300 1737">
     <span class='ocr_line' id='line_1_2' title="bbox 225 547 1295 639; baseline -0.006 -23"><span class='ocrx_word' id='word_1_4' title='bbox 225 549 447 639; x_wconf 73' lang='lat' dir='ltr'><strong>Aristophane</strong></span> <span class='ocrx_word' id='word_1_5' title='bbox 468 547 568 638; x_wconf 82' lang='lat' dir='ltr'><strong>petita</strong></span> <span class='ocrx_word' id='word_1_6' title='bbox 590 548 631 614; x_wconf 88' lang='lat' dir='ltr'><strong>ad</strong></span> <span class='ocrx_word' id='word_1_7' title='bbox 651 548 910 638; x_wconf 63' lang='lat' dir='ltr'><strong>antiquissimam</strong></span> <span class='ocrx_word' id='word_1_8' title='bbox 929 548 1090 616; x_wconf 77' lang='lat' dir='ltr'><strong>Doridem</strong></span> <span class='ocrx_word' id='word_1_9' title='bbox 1104 549 1222 628; x_wconf 54' lang='lat' dir='ltr'><strong>»uelem</strong></span> <span class='ocrx_word' id='word_1_10' title='bbox 1250 569 1295 610; x_wconf 85' lang='lat' dir='ltr'><strong>ue·</strong></span> 
     </span>
     <span class='ocr_line' id='line_1_3' title="bbox 225 649 1295 742; baseline -0.006 -26"><span class='ocrx_word' id='word_1_11' title='bbox 225 675 290 742; x_wconf 86' lang='lat' dir='ltr'><strong>que</strong></span> <span class='ocrx_word' id='word_1_12' title='bbox 312 649 427 717; x_wconf 85' lang='lat' dir='ltr'><strong>Giesio</strong></span> <span class='ocrx_word' id='word_1_13' title='bbox 447 650 702 740; x_wconf 75' lang='lat' dir='ltr'><strong>adstipulamur,</strong></span> <span class='ocrx_word' id='word_1_14' title='bbox 731 651 790 741; x_wconf 90' lang='lat' dir='ltr'><strong>qui</strong></span> <span class='ocrx_word' id='word_1_15' title='bbox 811 650 852 716; x_wconf 89' lang='lat' dir='ltr'><strong>de</strong></span> <span class='ocrx_word' id='word_1_16' title='bbox 873 650 949 716; x_wconf 85' lang='lat' dir='ltr'><strong>dial.</strong></span> <span class='ocrx_word' id='word_1_17' title='bbox 970 651 1068 719; x_wconf 78' lang='lat' dir='ltr'><strong>Aeol</strong></span> <span class='ocrx_word' id='word_1_18' title='bbox 1089 675 1124 742; x_wconf 92' lang='lat' dir='ltr'><strong>p.</strong></span> <span class='ocrx_word' id='word_1_19' title='bbox 1138 651 1199 718; x_wconf 82' lang='grc'><strong>319</strong></span> <span class='ocrx_word' id='word_1_20' title='bbox 1217 671 1295 738; x_wconf 82' lang='lat' dir='ltr'><strong>seqq.</strong></span> 
     </span>
     <span class='ocr_line' id='line_1_4' title="bbox 222 751 1298 841; baseline -0.005 -23"><span class='ocrx_word' id='word_1_21' title='bbox 222 753 295 840; x_wconf 80' lang='lat' dir='ltr'><strong>ejus</strong></span> <span class='ocrx_word' id='word_1_22' title='bbox 324 751 512 818; x_wconf 83' lang='lat' dir='ltr'><strong>mutationis</strong></span> <span class='ocrx_word' id='word_1_23' title='bbox 545 777 703 819; x_wconf 89' lang='lat' dir='ltr'><strong>summam</strong></span> <span class='ocrx_word' id='word_1_24' title='bbox 735 751 959 841; x_wconf 81' lang='lat' dir='ltr'><strong>antiquitatem</strong></span> <span class='ocrx_word' id='word_1_25' title='bbox 987 751 1066 819; x_wconf 88' lang='lat' dir='ltr'><strong>iude</strong></span> <span class='ocrx_word' id='word_1_26' title='bbox 1098 754 1298 819; x_wconf 55' lang='lat' dir='ltr'><strong>&amp;monstrare</strong></span> 
     </span>
     <span class='ocr_line' id='line_1_5' title="bbox 224 851 1298 946; baseline -0.006 -25"><span class='ocrx_word' id='word_1_27' title='bbox 224 853 352 938; x_wconf 85' lang='lat' dir='ltr'><strong>studet,</strong></span> <span class='ocrx_word' id='word_1_28' title='bbox 375 854 465 945; x_wconf 88' lang='lat' dir='ltr'><strong>qnod</strong></span> <span class='ocrx_word' id='word_1_29' title='bbox 484 854 603 942; x_wconf 77' lang='lat' dir='ltr'><strong>Argivi</strong></span> <span class='ocrx_word' id='word_1_30' title='bbox 619 865 659 920; x_wconf 88' lang='lat' dir='ltr'><strong>ct</strong></span> <span class='ocrx_word' id='word_1_31' title='bbox 676 853 865 945; x_wconf 72' lang='lat' dir='ltr'><strong>Pamphylii</strong></span> <span class='ocrx_word' id='word_1_32' title='bbox 885 853 1034 939; x_wconf 88' lang='lat' dir='ltr'><strong>ejusdcm</strong></span> <span class='ocrx_word' id='word_1_33' title='bbox 1055 853 1222 946; x_wconf 82' lang='lat' dir='ltr'><strong>participes</strong></span> <span class='ocrx_word' id='word_1_34' title='bbox 1237 851 1298 916; x_wconf 71' lang='lat' dir='ltr'><strong>&#39;iuc-</strong></span> 
     </span>
     <span class='ocr_line' id='line_1_6' title="bbox 221 953 1298 1042; baseline -0.005 -20"><span class='ocrx_word' id='word_1_35' title='bbox 221 958 301 1023; x_wconf 83' lang='lat' dir='ltr'><strong>rint.</strong></span> <span class='ocrx_word' id='word_1_36' title='bbox 354 955 440 1022; x_wconf 88' lang='lat' dir='ltr'><strong>Nam</strong></span> <span class='ocrx_word' id='word_1_37' title='bbox 464 957 582 1021; x_wconf 88' lang='lat' dir='ltr'><strong>horum</strong></span> <span class='ocrx_word' id='word_1_38' title='bbox 608 979 683 1022; x_wconf 89' lang='lat' dir='ltr'><strong>cum</strong></span> <span class='ocrx_word' id='word_1_39' title='bbox 705 955 892 1023; x_wconf 82' lang='lat' dir='ltr'><strong>Laconibus</strong></span> <span class='ocrx_word' id='word_1_40' title='bbox 914 956 1103 1042; x_wconf 85' lang='lat' dir='ltr'><strong>conjunctio</strong></span> <span class='ocrx_word' id='word_1_41' title='bbox 1123 955 1221 1022; x_wconf 87' lang='lat' dir='ltr'><strong>multo</strong></span> <span class='ocrx_word' id='word_1_42' title='bbox 1239 953 1298 1018; x_wconf 88' lang='lat' dir='ltr'><strong>lon·</strong></span> 
     </span>
     <span class='ocr_line' id='line_1_7' title="bbox 222 1054 1300 1149; baseline -0.002 -29"><span class='ocrx_word' id='word_1_43' title='bbox 222 1057 378 1148; x_wconf 76' lang='lat' dir='ltr'><strong>ginqnior</strong></span> <span class='ocrx_word' id='word_1_44' title='bbox 406 1067 440 1121; x_wconf 90' lang='lat' dir='ltr'><strong>et</strong></span> <span class='ocrx_word' id='word_1_45' title='bbox 463 1057 598 1123; x_wconf 81' lang='lat' dir='ltr'><strong>dialecti</strong></span> <span class='ocrx_word' id='word_1_46' title='bbox 625 1081 699 1125; x_wconf 89' lang='lat' dir='ltr'><strong>cum</strong></span> <span class='ocrx_word' id='word_1_47' title='bbox 723 1058 885 1124; x_wconf 86' lang='lat' dir='ltr'><strong>Laconica</strong></span> <span class='ocrx_word' id='word_1_48' title='bbox 912 1059 1065 1149; x_wconf 76' lang='lat' dir='ltr'><strong>cognatio</strong></span> <span class='ocrx_word' id='word_1_49' title='bbox 1086 1059 1187 1124; x_wconf 89' lang='lat' dir='ltr'><strong>multo</strong></span> <span class='ocrx_word' id='word_1_50' title='bbox 1208 1054 1300 1122; x_wconf 83' lang='lat' dir='ltr'><strong>minor</strong></span> 
     </span>
     <span class='ocr_line' id='line_1_8' title="bbox 222 1151 1299 1251; baseline -0.005 -25"><span class='ocrx_word' id='word_1_51' title='bbox 222 1170 292 1244; x_wconf 84' lang='lat' dir='ltr'><strong>est,</strong></span> <span class='ocrx_word' id='word_1_52' title='bbox 315 1181 413 1248; x_wconf 85' lang='lat' dir='ltr'><strong>quam</strong></span> <span class='ocrx_word' id='word_1_53' title='bbox 434 1159 635 1226; x_wconf 80' lang='lat' dir='ltr'><strong>ltaliotarum</strong></span> <span class='ocrx_word' id='word_1_54' title='bbox 656 1161 709 1226; x_wconf 85' lang='lat' dir='ltr'><strong>vel</strong></span> <span class='ocrx_word' id='word_1_55' title='bbox 731 1160 958 1244; x_wconf 85' lang='lat' dir='ltr'><strong>Cretensium,</strong></span> <span class='ocrx_word' id='word_1_56' title='bbox 989 1185 1097 1251; x_wconf 88' lang='lat' dir='ltr'><strong>neque</strong></span> <span class='ocrx_word' id='word_1_57' title='bbox 1118 1151 1299 1250; x_wconf 74' lang='lat' dir='ltr'><strong>Argivorum</strong></span> 
     </span>
     <span class='ocr_line' id='line_1_9' title="bbox 222 1259 1299 1354; baseline -0.003 -26"><span class='ocrx_word' id='word_1_58' title='bbox 222 1259 331 1328; x_wconf 90' lang='lat' dir='ltr'><strong>coloni</strong></span> <span class='ocrx_word' id='word_1_59' title='bbox 352 1259 474 1327; x_wconf 85' lang='lat' dir='ltr'><strong>Rhodii</strong></span> <span class='ocrx_word' id='word_1_60' title='bbox 505 1272 538 1327; x_wconf 92' lang='lat' dir='ltr'><strong>et</strong></span> <span class='ocrx_word' id='word_1_61' title='bbox 569 1261 625 1327; x_wconf 87' lang='lat' dir='ltr'><strong>alii</strong></span> <span class='ocrx_word' id='word_1_62' title='bbox 653 1286 671 1328; x_wconf 90' lang='lat' dir='ltr'><strong>e</strong></span> <span class='ocrx_word' id='word_1_63' title='bbox 698 1262 870 1353; x_wconf 87' lang='lat' dir='ltr'><strong>metropoli</strong></span> <span class='ocrx_word' id='word_1_64' title='bbox 897 1287 969 1328; x_wconf 88' lang='lat' dir='ltr'><strong>cam</strong></span> <span class='ocrx_word' id='word_1_65' title='bbox 989 1262 1119 1331; x_wconf 79' lang='lat' dir='ltr'><strong>dialecti</strong></span> <span class='ocrx_word' id='word_1_66' title='bbox 1139 1259 1299 1354; x_wconf 86' lang='lat' dir='ltr'><strong>proprieta-</strong></span> 
     </span>
     <span class='ocr_line' id='line_1_10' title="bbox 221 1363 1299 1457; baseline -0.005 -28"><span class='ocrx_word' id='word_1_67' title='bbox 221 1363 287 1429; x_wconf 84' lang='lat' dir='ltr'><strong>tem</strong></span> <span class='ocrx_word' id='word_1_68' title='bbox 308 1373 495 1428; x_wconf 80' lang='lat' dir='ltr'><strong>avexerunt.</strong></span> <span class='ocrx_word' id='word_1_69' title='bbox 546 1364 660 1454; x_wconf 88' lang='lat' dir='ltr'><strong>ltaque</strong></span> <span class='ocrx_word' id='word_1_70' title='bbox 682 1363 786 1452; x_wconf 77' lang='lat' dir='ltr'><strong>sigma</strong></span> <span class='ocrx_word' id='word_1_71' title='bbox 806 1363 962 1450; x_wconf 86' lang='lat' dir='ltr'><strong>ejiciendi</strong></span> <span class='ocrx_word' id='word_1_72' title='bbox 983 1389 1092 1452; x_wconf 87' lang='lat' dir='ltr'><strong>amor,</strong></span> <span class='ocrx_word' id='word_1_73' title='bbox 1116 1389 1181 1457; x_wconf 91' lang='lat' dir='ltr'><strong>qno</strong></span> <span class='ocrx_word' id='word_1_74' title='bbox 1202 1381 1299 1429; x_wconf 87' lang='lat' dir='ltr'><strong>omues</strong></span> 
     </span>
     <span class='ocr_line' id='line_1_11' title="bbox 223 1464 1300 1558; baseline -0.002 -26"><span class='ocrx_word' id='word_1_75' title='bbox 223 1464 341 1533; x_wconf 84' lang='lat' dir='ltr'><strong>Graeci</strong></span> <span class='ocrx_word' id='word_1_76' title='bbox 361 1464 581 1550; x_wconf 81' lang='lat' dir='ltr'><strong>inclinarunt,</strong></span> <span class='ocrx_word' id='word_1_77' title='bbox 617 1466 703 1558; x_wconf 89' lang='lat' dir='ltr'><strong>apud</strong></span> <span class='ocrx_word' id='word_1_78' title='bbox 729 1466 846 1532; x_wconf 84' lang='lat' dir='ltr'><strong>varios·</strong></span> <span class='ocrx_word' id='word_1_79' title='bbox 858 1465 1058 1535; x_wconf 84' lang='lat' dir='ltr'><strong>Graecorum</strong></span> <span class='ocrx_word' id='word_1_80' title='bbox 1076 1467 1216 1558; x_wconf 89' lang='lat' dir='ltr'><strong>populos</strong></span> <span class='ocrx_word' id='word_1_81' title='bbox 1233 1474 1300 1530; x_wconf 81' lang='lat' dir='ltr'><strong>ten·</strong></span> 
     </span>
     <span class='ocr_line' id='line_1_12' title="bbox 219 1566 1300 1660; baseline -0.001 -28"><span class='ocrx_word' id='word_1_82' title='bbox 219 1591 300 1658; x_wconf 88' lang='lat' dir='ltr'><strong>pore</strong></span> <span class='ocrx_word' id='word_1_83' title='bbox 318 1590 381 1634; x_wconf 88' lang='lat' dir='ltr'><strong>nec</strong></span> <span class='ocrx_word' id='word_1_84' title='bbox 401 1566 494 1634; x_wconf 83' lang='lat' dir='ltr'><strong>valde</strong></span> <span class='ocrx_word' id='word_1_85' title='bbox 516 1567 650 1658; x_wconf 83' lang='lat' dir='ltr'><strong>antiquo</strong></span> <span class='ocrx_word' id='word_1_86' title='bbox 672 1591 780 1658; x_wconf 81' lang='lat' dir='ltr'><strong>neque</strong></span> <span class='ocrx_word' id='word_1_87' title='bbox 800 1567 925 1634; x_wconf 86' lang='lat' dir='ltr'><strong>recenti</strong></span> <span class='ocrx_word' id='word_1_88' title='bbox 944 1592 1023 1635; x_wconf 83' lang='lat' dir='ltr'><strong>casu</strong></span> <span class='ocrx_word' id='word_1_89' title='bbox 1039 1571 1182 1660; x_wconf 85' lang='lat' dir='ltr'><strong>quodam</strong></span> <span class='ocrx_word' id='word_1_90' title='bbox 1201 1566 1300 1634; x_wconf 85' lang='lat' dir='ltr'><strong>soiitos</strong></span> 
     </span>
     <span class='ocr_line' id='line_1_13' title="bbox 219 1669 663 1737; baseline 0 -1"><span class='ocrx_word' id='word_1_91' title='bbox 219 1669 303 1736; x_wconf 87' lang='lat' dir='ltr'><strong>lines</strong></span> <span class='ocrx_word' id='word_1_92' title='bbox 323 1670 504 1736; x_wconf 86' lang='lat' dir='ltr'><strong>excessisse</strong></span> <span class='ocrx_word' id='word_1_93' title='bbox 525 1670 663 1737; x_wconf 84' lang='lat' dir='ltr'><strong>videtur.</strong></span> 
     </span>
    </p>

    <p class='ocr_par' dir='ltr' id='par_1_3' title="bbox 303 1769 1301 1865">
     <span class='ocr_line' id='line_1_14' title="bbox 303 1769 1301 1865; baseline -0.001 -26"><span class='ocrx_word' id='word_1_94' title='bbox 303 1769 339 1859; x_wconf 86' lang='lat'><strong>3)</strong></span> <span class='ocrx_word' id='word_1_95' title='bbox 380 1771 484 1860; x_wconf 85' lang='lat' dir='ltr'><strong>Apud</strong></span> <span class='ocrx_word' id='word_1_96' title='bbox 504 1771 654 1840; x_wconf 84' lang='lat' dir='ltr'><strong>Lacones</strong></span> <span class='ocrx_word' id='word_1_97' title='bbox 682 1773 818 1865; x_wconf 88' lang='lat' dir='ltr'><strong>spiritus</strong></span> <span class='ocrx_word' id='word_1_98' title='bbox 847 1797 942 1865; x_wconf 87' lang='lat' dir='ltr'><strong>asper</strong></span> <span class='ocrx_word' id='word_1_99' title='bbox 966 1797 1027 1865; x_wconf 92' lang='lat' dir='ltr'><strong>pro</strong></span> <span class='ocrx_word' id='word_1_100' title='bbox 1048 1775 1156 1865; x_wconf 72' lang='lat' dir='ltr'><strong>sigma</strong></span> <span class='ocrx_word' id='word_1_101' title='bbox 1175 1770 1301 1862; x_wconf 71' lang='lat' dir='ltr'><strong>scriptus</strong></span> 
     </span>
    </p>
   </div>
   <div class='ocr_carea' id='block_1_3' title="bbox 219 1869 1334 1971">
    <p class='ocr_par' dir='ltr' id='par_1_4' title="bbox 219 1869 1334 1972">
     <span class='ocr_line' id='line_1_15' title="bbox 219 1869 1334 1971; baseline -0.004 -30"><span class='ocrx_word' id='word_1_102' title='bbox 219 1885 308 1942; x_wconf 79' lang='lat' dir='ltr'><strong>extat</strong></span> <span class='ocrx_word' id='word_1_103' title='bbox 321 1873 460 1940; x_wconf 86' lang='lat' dir='ltr'><strong>intitulo</strong></span> <span class='ocrx_word' id='word_1_104' title='bbox 471 1874 605 1965; x_wconf 85' lang='lat' dir='ltr'><strong>antiquo</strong></span> <span class='ocrx_word' id='word_1_105' title='bbox 616 1876 729 1942; x_wconf 79' lang='lat' dir='ltr'><strong>Roscii</strong></span> <span class='ocrx_word' id='word_1_106' title='bbox 745 1901 796 1971; x_wconf 89' lang='lat' dir='ltr'><strong>nr.</strong></span> <span class='ocrx_word' id='word_1_107' title='bbox 810 1877 852 1943; x_wconf 84' lang='lat'><strong>33</strong></span> <span class='ocrx_word' id='word_1_108' title='bbox 874 1875 1002 1956; x_wconf 84' lang='lat' dir='ltr'><strong>(Lcahii</strong></span> <span class='ocrx_word' id='word_1_109' title='bbox 1014 1903 1066 1943; x_wconf 87' lang='lat' dir='ltr'><strong>nr.</strong></span> <span class='ocrx_word' id='word_1_110' title='bbox 1081 1877 1151 1962; x_wconf 79' lang='lat'><strong>52),</strong></span> <span class='ocrx_word' id='word_1_111' title='bbox 1173 1873 1230 1966; x_wconf 89' lang='lat' dir='ltr'><strong>qui</strong></span> <span class='ocrx_word' id='word_1_112' title='bbox 1241 1869 1300 1938; x_wconf 87' lang='lat' dir='ltr'><strong>uni·</strong></span> <span class='ocrx_word' id='word_1_113' title='bbox 1333 1923 1334 1930; x_wconf 30' lang='grc' dir='ltr'><strong>ι</strong></span> 
     </span>
    </p>
   </div>
   <div class='ocr_carea' id='block_1_4' title="bbox 219 1977 1300 2068">
    <p class='ocr_par' dir='ltr' id='par_1_5' title="bbox 219 1977 1300 2068">
     <span class='ocr_line' id='line_1_16' title="bbox 219 1977 1300 2068; baseline -0.005 -25"><span class='ocrx_word' id='word_1_114' title='bbox 219 2001 290 2043; x_wconf 90' lang='lat' dir='ltr'><strong>cam</strong></span> <span class='ocrx_word' id='word_1_115' title='bbox 310 2001 422 2064; x_wconf 85' lang='lat' dir='ltr'><strong>vocem</strong></span> <span class='ocrx_word' id='word_1_116' title='bbox 444 1979 545 2042; x_wconf 77' lang='grc' dir='ltr'><strong>ιὀιοοεὲ</strong></span> <span class='ocrx_word' id='word_1_117' title='bbox 563 1977 587 2042; x_wconf 84' lang='grc'><strong>1.</strong></span> <span class='ocrx_word' id='word_1_118' title='bbox 612 2001 644 2043; x_wconf 82' lang='lat' dir='ltr'><strong>e.</strong></span> <span class='ocrx_word' id='word_1_119' title='bbox 667 1979 776 2056; x_wconf 71' lang='grc' dir='ltr'><strong><em>ἕοοίηὲ</em></strong></span> <span class='ocrx_word' id='word_1_120' title='bbox 792 2002 854 2068; x_wconf 90' lang='lat' dir='ltr'><strong>pro</strong></span> <span class='ocrx_word' id='word_1_121' title='bbox 873 1980 1000 2058; x_wconf 74' lang='grc' dir='ltr'><strong><em>ἐποίησε</em></strong></span> <span class='ocrx_word' id='word_1_122' title='bbox 1021 1978 1167 2046; x_wconf 81' lang='lat' dir='ltr'><strong>exhibet.</strong></span> <span class='ocrx_word' id='word_1_123' title='bbox 1216 1977 1300 2042; x_wconf 90' lang='lat' dir='ltr'><strong>Prae·</strong></span> 
     </span>
    </p>
   </div>
   <div class='ocr_carea' id='block_1_5' title="bbox 215 2067 1334 2578">
    <p class='ocr_par' dir='ltr' id='par_1_6' title="bbox 215 2067 1334 2578">
     <span class='ocr_line' id='line_1_17' title="bbox 217 2067 1334 2158; baseline -0.006 -11"><span class='ocrx_word' id='word_1_124' title='bbox 217 2090 306 2148; x_wconf 89' lang='lat' dir='ltr'><strong>terea</strong></span> <span class='ocrx_word' id='word_1_125' title='bbox 327 2079 487 2146; x_wconf 88' lang='lat' dir='ltr'><strong>omittitur</strong></span> <span class='ocrx_word' id='word_1_126' title='bbox 509 2103 529 2142; x_wconf 83' lang='lat' dir='ltr'><strong>c</strong></span> <span class='ocrx_word' id='word_1_127' title='bbox 555 2079 591 2144; x_wconf 92' lang='lat' dir='ltr'><strong>in</strong></span> <span class='ocrx_word' id='word_1_128' title='bbox 605 2067 924 2146; x_wconf 65' lang='lat' dir='ltr'><strong>‘recentissimum&#39;</strong></span> <span class='ocrx_word' id='word_1_129' title='bbox 937 2081 1107 2147; x_wconf 88' lang='lat' dir='ltr'><strong>titulorum</strong></span> <span class='ocrx_word' id='word_1_130' title='bbox 1126 2077 1300 2146; x_wconf 85' lang='lat' dir='ltr'><strong>nominibus</strong></span> <span class='ocrx_word' id='word_1_131' title='bbox 1333 2129 1334 2158; x_wconf 67' lang='lat'><strong>,</strong></span> 
     </span>
     <span class='ocr_line' id='line_1_18' title="bbox 217 2176 1334 2272; baseline 0.004 -26"><span class='ocrx_word' id='word_1_132' title='bbox 217 2181 412 2272; x_wconf 75' lang='lat' dir='ltr'><strong>quibusdam</strong></span> <span class='ocrx_word' id='word_1_133' title='bbox 434 2181 596 2271; x_wconf 88' lang='lat' dir='ltr'><strong>propriis,</strong></span> <span class='ocrx_word' id='word_1_134' title='bbox 618 2183 811 2268; x_wconf 81' lang='grc' dir='ltr'><strong><em>Κονοοορεῒς</em></strong></span> <span class='ocrx_word' id='word_1_135' title='bbox 831 2206 894 2272; x_wconf 91' lang='lat' dir='ltr'><strong>pro</strong></span> <span class='ocrx_word' id='word_1_136' title='bbox 913 2185 1127 2267; x_wconf 73' lang='grc' dir='ltr'><strong><em>Κυνοσουρεῖς</em></strong></span> <span class='ocrx_word' id='word_1_137' title='bbox 1150 2207 1203 2247; x_wconf 88' lang='lat' dir='ltr'><strong>nr.</strong></span> <span class='ocrx_word' id='word_1_138' title='bbox 1219 2176 1300 2246; x_wconf 76' lang='lat'><strong>1347.</strong></span> <span class='ocrx_word' id='word_1_139' title='bbox 1333 2215 1334 2250; x_wconf 61' lang='grc' dir='ltr'><strong>ι</strong></span> 
     </span>
     <span class='ocr_line' id='line_1_19' title="bbox 217 2280 1334 2372; baseline -0.003 -22"><span class='ocrx_word' id='word_1_140' title='bbox 217 2281 321 2367; x_wconf 82' lang='grc'>1386,</span> <span class='ocrx_word' id='word_1_141' title='bbox 356 2281 526 2368; x_wconf 79' lang='grc' dir='ltr'><strong><em>Σώανδρος</em></strong></span> <span class='ocrx_word' id='word_1_142' title='bbox 554 2306 615 2372; x_wconf 89' lang='lat' dir='ltr'><strong>pro</strong></span> <span class='ocrx_word' id='word_1_143' title='bbox 636 2280 828 2366; x_wconf 80' lang='grc' dir='ltr'><strong><em>Σώσανδρος</em></strong></span> <span class='ocrx_word' id='word_1_144' title='bbox 856 2307 908 2350; x_wconf 82' lang='grc' dir='ltr'><strong>ιιι.</strong></span> <span class='ocrx_word' id='word_1_145' title='bbox 934 2284 1037 2368; x_wconf 79' lang='lat'><strong>1250,</strong></span> <span class='ocrx_word' id='word_1_146' title='bbox 1068 2295 1102 2351; x_wconf 91' lang='lat' dir='ltr'><strong>et</strong></span> <span class='ocrx_word' id='word_1_147' title='bbox 1128 2284 1165 2350; x_wconf 88' lang='lat' dir='ltr'><strong>in</strong></span> <span class='ocrx_word' id='word_1_148' title='bbox 1188 2281 1302 2362; x_wconf 72' lang='grc' dir='ltr'><strong><em>οαοὶμων</em></strong></span> <span class='ocrx_word' id='word_1_149' title='bbox 1333 2323 1334 2332; x_wconf 45' lang='lat'><strong>1</strong></span> 
     </span>
     <span class='ocr_line' id='line_1_20' title="bbox 216 2383 1334 2480; baseline -0.002 -30"><span class='ocrx_word' id='word_1_150' title='bbox 216 2408 276 2475; x_wconf 89' lang='lat' dir='ltr'><strong>pro</strong></span> <span class='ocrx_word' id='word_1_151' title='bbox 300 2383 450 2466; x_wconf 80' lang='grc' dir='ltr'>σησάμων</span> <span class='ocrx_word' id='word_1_152' title='bbox 471 2408 522 2449; x_wconf 80' lang='grc' dir='ltr'><strong>ιιι.</strong></span> <span class='ocrx_word' id='word_1_153' title='bbox 542 2384 645 2469; x_wconf 88' lang='grc'>1464,</span> <span class='ocrx_word' id='word_1_154' title='bbox 667 2384 786 2475; x_wconf 85' lang='lat' dir='ltr'><strong>spiritu</strong></span> <span class='ocrx_word' id='word_1_155' title='bbox 808 2408 874 2449; x_wconf 91' lang='lat' dir='ltr'><strong>nou</strong></span> <span class='ocrx_word' id='word_1_156' title='bbox 896 2387 1001 2475; x_wconf 75' lang='lat' dir='ltr'><strong>magis</strong></span> <span class='ocrx_word' id='word_1_157' title='bbox 1023 2411 1195 2477; x_wconf 83' lang='lat' dir='ltr'><strong>expresso,</strong></span> <span class='ocrx_word' id='word_1_158' title='bbox 1217 2405 1301 2475; x_wconf 85' lang='lat' dir='ltr'><strong>quam</strong></span> <span class='ocrx_word' id='word_1_159' title='bbox 1333 2419 1334 2480; x_wconf 49' lang='lat'>3</span> 
     </span>
     <span class='ocr_line' id='line_1_21' title="bbox 215 2483 1334 2578; baseline -0.004 -26"><span class='ocrx_word' id='word_1_160' title='bbox 215 2487 253 2552; x_wconf 89' lang='lat' dir='ltr'><strong>lit</strong></span> <span class='ocrx_word' id='word_1_161' title='bbox 280 2485 316 2550; x_wconf 89' lang='lat' dir='ltr'><strong>in</strong></span> <span class='ocrx_word' id='word_1_162' title='bbox 344 2487 451 2552; x_wconf 82' lang='lat' dir='ltr'><strong>fronte</strong></span> <span class='ocrx_word' id='word_1_163' title='bbox 479 2485 722 2552; x_wconf 85' lang='lat' dir='ltr'><strong>vocabulorum.</strong></span> <span class='ocrx_word' id='word_1_164' title='bbox 776 2485 1009 2576; x_wconf 83' lang='lat' dir='ltr'><strong>Aristophanis</strong></span> <span class='ocrx_word' id='word_1_165' title='bbox 1030 2488 1215 2578; x_wconf 76' lang='lat' dir='ltr'><strong>Lysistrata</strong></span> <span class='ocrx_word' id='word_1_166' title='bbox 1233 2489 1301 2552; x_wconf 86' lang='lat' dir='ltr'><strong>haec</strong></span> <span class='ocrx_word' id='word_1_167' title='bbox 1333 2483 1334 2548; x_wconf 56' lang='lat' dir='ltr'>f</span> 
     </span>
    </p>
   </div>
   <div class='ocr_carea' id='block_1_6' title="bbox 215 2587 1334 2689">
    <p class='ocr_par' dir='ltr' id='par_1_7' title="bbox 215 2587 1334 2689">
     <span class='ocr_line' id='line_1_22' title="bbox 215 2587 1334 2689; baseline 0.004 -35"><span class='ocrx_word' id='word_1_168' title='bbox 215 2588 364 2678; x_wconf 82' lang='lat' dir='ltr'><strong>exempla</strong></span> <span class='ocrx_word' id='word_1_169' title='bbox 393 2587 507 2654; x_wconf 71' lang='lat' dir='ltr'><strong>habeta</strong></span> <span class='ocrx_word' id='word_1_170' title='bbox 552 2591 619 2651; x_wconf 78' lang='grc' dir='ltr'><strong>πᾶν</strong></span> <span class='ocrx_word' id='word_1_171' title='bbox 648 2588 732 2672; x_wconf 88' lang='grc'>995,</span> <span class='ocrx_word' id='word_1_172' title='bbox 776 2593 846 2670; x_wconf 78' lang='grc' dir='ltr'><strong>μῶν</strong></span> <span class='ocrx_word' id='word_1_173' title='bbox 874 2612 935 2680; x_wconf 88' lang='lat' dir='ltr'><strong>pro</strong></span> <span class='ocrx_word' id='word_1_174' title='bbox 962 2594 1066 2672; x_wconf 81' lang='grc' dir='ltr'><strong><em>μοῦσα</em></strong></span> <span class='ocrx_word' id='word_1_175' title='bbox 1093 2591 1191 2658; x_wconf 74' lang='grc'>1249.</span> <span class='ocrx_word' id='word_1_176' title='bbox 1217 2587 1301 2667; x_wconf 80' lang='lat'><strong>1298,</strong></span> <span class='ocrx_word' id='word_1_177' title='bbox 1333 2659 1334 2689; x_wconf 51' lang='lat'><strong>,</strong></span> 
     </span>
    </p>
   </div>
   <div class='ocr_carea' id='block_1_7' title="bbox 215 2689 1301 2782">
    <p class='ocr_par' dir='ltr' id='par_1_8' title="bbox 215 2689 1301 2782">
     <span class='ocr_line' id='line_1_23' title="bbox 215 2689 1301 2782; baseline 0.004 -29"><span class='ocrx_word' id='word_1_178' title='bbox 215 2691 351 2755; x_wconf 75' lang='grc' dir='ltr'><strong>ἰκλιπνῖα</strong></span> <span class='ocrx_word' id='word_1_179' title='bbox 380 2713 442 2779; x_wconf 91' lang='lat' dir='ltr'><strong>pro</strong></span> <span class='ocrx_word' id='word_1_180' title='bbox 476 2690 645 2756; x_wconf 74' lang='grc' dir='ltr'><strong><em>ἐκλιποῦσα</em></strong></span> <span class='ocrx_word' id='word_1_181' title='bbox 676 2689 780 2775; x_wconf 77' lang='grc'>1297,</span> <span class='ocrx_word' id='word_1_182' title='bbox 825 2695 926 2756; x_wconf 75' lang='lat' dir='ltr'><strong>slacio</strong></span> <span class='ocrx_word' id='word_1_183' title='bbox 956 2714 1017 2782; x_wconf 91' lang='lat' dir='ltr'><strong>pro</strong></span> <span class='ocrx_word' id='word_1_184' title='bbox 1050 2697 1187 2757; x_wconf 80' lang='grc' dir='ltr'><strong>κλεοῦσοι</strong></span> <span class='ocrx_word' id='word_1_185' title='bbox 1218 2689 1301 2769; x_wconf 77' lang='grc'>1302,</span> 
     </span>
    </p>
   </div>
   <div class='ocr_carea' id='block_1_8' title="bbox 210 2793 1334 3392">
    <p class='ocr_par' dir='ltr' id='par_1_9' title="bbox 210 2793 1334 3392">
     <span class='ocr_line' id='line_1_24' title="bbox 214 2793 1334 2882; baseline -0.004 -26"><span class='ocrx_word' id='word_1_186' title='bbox 214 2793 426 2874; x_wconf 69' lang='grc' dir='ltr'><em>θυρσαδδωᾶν</em></span> <span class='ocrx_word' id='word_1_187' title='bbox 448 2795 503 2854; x_wconf 73' lang='grc' dir='ltr'><strong>καὶ</strong></span> <span class='ocrx_word' id='word_1_188' title='bbox 523 2793 683 2856; x_wconf 76' lang='grc' dir='ltr'><strong>παιδδωᾶν</strong></span> <span class='ocrx_word' id='word_1_189' title='bbox 712 2814 773 2882; x_wconf 88' lang='lat' dir='ltr'><strong>pro</strong></span> <span class='ocrx_word' id='word_1_190' title='bbox 801 2795 1031 2876; x_wconf 74' lang='grc' dir='ltr'><strong><em>θυρσαζουσοῖν</em></strong></span> <span class='ocrx_word' id='word_1_191' title='bbox 1059 2798 1113 2857; x_wconf 80' lang='grc' dir='ltr'><strong>καὶ</strong></span> <span class='ocrx_word' id='word_1_192' title='bbox 1134 2795 1303 2870; x_wconf 71' lang='grc' dir='ltr'><strong><em>παιζουσνῐν</em></strong></span> <span class='ocrx_word' id='word_1_193' title='bbox 1333 2875 1334 2880; x_wconf 11' lang='lat'>¹</span> 
     </span>
     <span class='ocr_line' id='line_1_25' title="bbox 217 2891 1334 2985; baseline -0.001 -29"><span class='ocrx_word' id='word_1_194' title='bbox 217 2894 319 2972; x_wconf 81' lang='grc'>1313,</span> <span class='ocrx_word' id='word_1_195' title='bbox 347 2891 510 2974; x_wconf 70' lang='grc' dir='ltr'><strong><em>ποτάομαι</em></strong></span> <span class='ocrx_word' id='word_1_196' title='bbox 523 2917 583 2984; x_wconf 89' lang='lat' dir='ltr'><strong>pro</strong></span> <span class='ocrx_word' id='word_1_197' title='bbox 604 2891 789 2974; x_wconf 81' lang='grc' dir='ltr'><strong>πωτὴοομαι</strong></span> <span class='ocrx_word' id='word_1_198' title='bbox 810 2893 913 2977; x_wconf 85' lang='grc'>1013,</span> <span class='ocrx_word' id='word_1_199' title='bbox 947 2893 1067 2974; x_wconf 80' lang='grc' dir='ltr'><strong><em>ὅρμαον</em></strong></span> <span class='ocrx_word' id='word_1_200' title='bbox 1087 2919 1148 2985; x_wconf 88' lang='lat' dir='ltr'><strong>pro</strong></span> <span class='ocrx_word' id='word_1_201' title='bbox 1172 2897 1302 2984; x_wconf 77' lang='grc' dir='ltr'><strong><em>ὅρμησον</em></strong></span> <span class='ocrx_word' id='word_1_202' title='bbox 1333 2899 1334 2910; x_wconf 74' lang='grc'>’</span> 
     </span>
     <span class='ocr_line' id='line_1_26' title="bbox 215 2981 1334 3080; baseline -0.002 -18"><span class='ocrx_word' id='word_1_203' title='bbox 215 2995 310 3062; x_wconf 78' lang='lat'><strong>1247.</strong></span> <span class='ocrx_word' id='word_1_204' title='bbox 367 2994 438 3061; x_wconf 90' lang='lat' dir='ltr'><strong>Nec</strong></span> <span class='ocrx_word' id='word_1_205' title='bbox 458 2993 568 3061; x_wconf 79' lang='lat' dir='ltr'><strong>minus</strong></span> <span class='ocrx_word' id='word_1_206' title='bbox 588 2993 680 3080; x_wconf 79' lang='grc' dir='ltr'><strong><em>χάϊος</em></strong></span> <span class='ocrx_word' id='word_1_207' title='bbox 701 3019 732 3061; x_wconf 78' lang='lat' dir='ltr'><strong>v.</strong></span> <span class='ocrx_word' id='word_1_208' title='bbox 756 2994 810 3061; x_wconf 85' lang='lat'><strong>91.</strong></span> <span class='ocrx_word' id='word_1_209' title='bbox 836 2994 918 3061; x_wconf 88' lang='grc'>1157</span> <span class='ocrx_word' id='word_1_210' title='bbox 945 2992 969 3061; x_wconf 90' lang='lat' dir='ltr'><strong>i.</strong></span> <span class='ocrx_word' id='word_1_211' title='bbox 994 3019 1025 3062; x_wconf 79' lang='lat' dir='ltr'><strong>e.</strong></span> <span class='ocrx_word' id='word_1_212' title='bbox 1050 2995 1175 3080; x_wconf 73' lang='grc' dir='ltr'><em>ἀγαθός</em></span> <span class='ocrx_word' id='word_1_213' title='bbox 1197 3017 1302 3064; x_wconf 87' lang='lat' dir='ltr'><strong>secun·</strong></span> <span class='ocrx_word' id='word_1_214' title='bbox 1333 2981 1334 3070; x_wconf 53' lang='lat' dir='ltr'><strong>J</strong></span> 
     </span>
     <span class='ocr_line' id='line_1_27' title="bbox 214 3093 1334 3189; baseline 0.002 -27"><span class='ocrx_word' id='word_1_215' title='bbox 214 3097 292 3162; x_wconf 88' lang='lat' dir='ltr'><strong>dum</strong></span> <span class='ocrx_word' id='word_1_216' title='bbox 314 3095 458 3181; x_wconf 88' lang='lat' dir='ltr'><strong>scholia,</strong></span> <span class='ocrx_word' id='word_1_217' title='bbox 501 3119 562 3186; x_wconf 91' lang='lat' dir='ltr'><strong>pro</strong></span> <span class='ocrx_word' id='word_1_218' title='bbox 588 3095 701 3181; x_wconf 76' lang='grc' dir='ltr'><strong><em>χάοοος</em></strong></span> <span class='ocrx_word' id='word_1_219' title='bbox 727 3119 800 3162; x_wconf 87' lang='lat' dir='ltr'><strong>esse</strong></span> <span class='ocrx_word' id='word_1_220' title='bbox 822 3096 969 3182; x_wconf 84' lang='lat' dir='ltr'><strong>videtur,</strong></span> <span class='ocrx_word' id='word_1_221' title='bbox 1013 3098 1102 3188; x_wconf 90' lang='lat' dir='ltr'><strong>quod</strong></span> <span class='ocrx_word' id='word_1_222' title='bbox 1123 3097 1303 3189; x_wconf 66' lang='lat' dir='ltr'><strong>Hesychius</strong></span> <span class='ocrx_word' id='word_1_223' title='bbox 1333 3093 1334 3164; x_wconf 61' lang='grc' dir='ltr'>ζ</span> 
     </span>
     <span class='ocr_line' id='line_1_28' title="bbox 212 3196 1334 3290; baseline -0.004 -25"><span class='ocrx_word' id='word_1_224' title='bbox 212 3223 278 3290; x_wconf 88' lang='lat' dir='ltr'><strong>per.</strong></span> <span class='ocrx_word' id='word_1_225' title='bbox 300 3197 438 3280; x_wconf 69' lang='lat' dir='ltr'><strong>alyattis,</strong></span> <span class='ocrx_word' id='word_1_226' title='bbox 468 3196 604 3284; x_wconf 79' lang='grc' dir='ltr'><strong><em>χρηστός</em></strong></span> <span class='ocrx_word' id='word_1_227' title='bbox 624 3196 775 3287; x_wconf 85' lang='lat' dir='ltr'><strong>explicat.</strong></span> <span class='ocrx_word' id='word_1_228' title='bbox 828 3197 890 3264; x_wconf 91' lang='lat' dir='ltr'><strong>Illa</strong></span> <span class='ocrx_word' id='word_1_229' title='bbox 911 3199 1074 3266; x_wconf 87' lang='lat' dir='ltr'><strong>Laconica</strong></span> <span class='ocrx_word' id='word_1_230' title='bbox 1095 3201 1188 3267; x_wconf 82' lang='lat' dir='ltr'><strong>vocis</strong></span> <span class='ocrx_word' id='word_1_231' title='bbox 1209 3203 1304 3266; x_wconf 81' lang='lat' dir='ltr'><strong>forma</strong></span> <span class='ocrx_word' id='word_1_232' title='bbox 1333 3199 1334 3278; x_wconf 63' lang='grc' dir='ltr'>Ϊ</span> 
     </span>
     <span class='ocr_line' id='line_1_29' title="bbox 210 3297 1334 3392; baseline 0.004 -26"><span class='ocrx_word' id='word_1_233' title='bbox 210 3301 291 3368; x_wconf 84' lang='lat' dir='ltr'><strong>latet</strong></span> <span class='ocrx_word' id='word_1_234' title='bbox 311 3311 478 3392; x_wconf 84' lang='lat' dir='ltr'><strong>praetcrea</strong></span> <span class='ocrx_word' id='word_1_235' title='bbox 499 3300 534 3364; x_wconf 88' lang='lat' dir='ltr'><strong>iu</strong></span> <span class='ocrx_word' id='word_1_236' title='bbox 555 3300 701 3389; x_wconf 75' lang='lat' dir='ltr'><strong>Hesych.</strong></span> <span class='ocrx_word' id='word_1_237' title='bbox 725 3299 822 3386; x_wconf 83' lang='grc' dir='ltr'>χαιά,</span> <span class='ocrx_word' id='word_1_238' title='bbox 853 3298 958 3384; x_wconf 77' lang='grc' dir='ltr'><em>ἀγαθή</em></span> <span class='ocrx_word' id='word_1_239' title='bbox 982 3343 1022 3354; x_wconf 90' lang='lat'>-</span> <span class='ocrx_word' id='word_1_240' title='bbox 1044 3301 1154 3386; x_wconf 84' lang='grc' dir='ltr'>χαιός,</span> <span class='ocrx_word' id='word_1_241' title='bbox 1190 3297 1303 3386; x_wconf 69' lang='grc' dir='ltr'><strong>ἁγαθός·</strong></span> <span class='ocrx_word' id='word_1_242' title='bbox 1333 3307 1334 3348; x_wconf 75' lang='lat'><strong>1</strong></span> 
     </span>
    </p>
   </div>
   <div class='ocr_carea' id='block_1_9' title="bbox 211 3401 1301 3492">
    <p class='ocr_par' dir='ltr' id='par_1_10' title="bbox 211 3401 1301 3492">
     <span class='ocr_line' id='line_1_30' title="bbox 211 3401 1301 3492; baseline -0.007 -22"><span class='ocrx_word' id='word_1_243' title='bbox 211 3414 244 3470; x_wconf 92' lang='lat' dir='ltr'><strong>et</strong></span> <span class='ocrx_word' id='word_1_244' title='bbox 279 3401 373 3490; x_wconf 79' lang='grc' dir='ltr'><strong><em>ἁχαία</em></strong></span> <span class='ocrx_word' id='word_1_245' title='bbox 398 3449 406 3466; x_wconf 93' lang='grc'><strong>.</strong></span> <span class='ocrx_word' id='word_1_246' title='bbox 433 3449 441 3466; x_wconf 90' lang='grc'><strong><em>.</em></strong></span> <span class='ocrx_word' id='word_1_247' title='bbox 467 3450 475 3466; x_wconf 89' lang='grc'><strong>.</strong></span> <span class='ocrx_word' id='word_1_248' title='bbox 502 3449 510 3468; x_wconf 87' lang='grc'><strong>.</strong></span> <span class='ocrx_word' id='word_1_249' title='bbox 538 3402 722 3478; x_wconf 51' lang='lat' dir='ltr'><strong>Aristono</strong></span> <span class='ocrx_word' id='word_1_250' title='bbox 753 3405 785 3466; x_wconf 75' lang='grc' dir='ltr'><strong>δι’</strong></span> <span class='ocrx_word' id='word_1_251' title='bbox 817 3401 943 3486; x_wconf 72' lang='grc' dir='ltr'>ἀγαθά,</span> <span class='ocrx_word' id='word_1_252' title='bbox 986 3413 1151 3492; x_wconf 89' lang='lat' dir='ltr'><strong>postremo</strong></span> <span class='ocrx_word' id='word_1_253' title='bbox 1183 3401 1301 3472; x_wconf 88' lang='lat' dir='ltr'><strong>Scholl.</strong></span> 
     </span>
    </p>
   </div>
   <div class='ocr_carea' id='block_1_10' title="bbox 210 3503 1334 3900">
    <p class='ocr_par' dir='ltr' id='par_1_11' title="bbox 210 3503 1334 3900">
     <span class='ocr_line' id='line_1_31' title="bbox 210 3503 1334 3590; baseline -0.003 -20"><span class='ocrx_word' id='word_1_254' title='bbox 210 3505 353 3572; x_wconf 82' lang='lat' dir='ltr'><strong>Theocr.</strong></span> <span class='ocrx_word' id='word_1_255' title='bbox 377 3503 466 3588; x_wconf 87' lang='lat' dir='ltr'><strong>Vll,</strong></span> <span class='ocrx_word' id='word_1_256' title='bbox 498 3504 518 3570; x_wconf 87' lang='grc'>5</span> <span class='ocrx_word' id='word_1_257' title='bbox 545 3503 622 3590; x_wconf 69' lang='lat' dir='ltr'><strong>pods</strong></span> <span class='ocrx_word' id='word_1_258' title='bbox 650 3507 765 3589; x_wconf 66' lang='grc' dir='ltr'><strong>λέγεται</strong></span> <span class='ocrx_word' id='word_1_259' title='bbox 791 3503 828 3578; x_wconf 65' lang='lat' dir='ltr'><strong>ud</strong></span> <span class='ocrx_word' id='word_1_260' title='bbox 856 3503 976 3588; x_wconf 77' lang='grc' dir='ltr'><strong><em>ἀγαθὰν</em></strong></span> <span class='ocrx_word' id='word_1_261' title='bbox 998 3504 1085 3589; x_wconf 78' lang='grc' dir='ltr'><strong>παρὰ</strong></span> <span class='ocrx_word' id='word_1_262' title='bbox 1106 3511 1304 3588; x_wconf 78' lang='grc' dir='ltr'><strong>Λακεδαιμο-</strong></span> <span class='ocrx_word' id='word_1_263' title='bbox 1333 3561 1334 3582; x_wconf 62' lang='lat'><strong>,</strong></span> 
     </span>
     <span class='ocr_line' id='line_1_32' title="bbox 211 3605 1334 3696; baseline -0.004 -25"><span class='ocrx_word' id='word_1_264' title='bbox 211 3611 300 3682; x_wconf 80' lang='grc' dir='ltr'><strong><em>νιόις.</em></strong></span> <span class='ocrx_word' id='word_1_265' title='bbox 345 3605 455 3695; x_wconf 84' lang='lat' dir='ltr'><strong>Ipsius</strong></span> <span class='ocrx_word' id='word_1_266' title='bbox 479 3605 647 3672; x_wconf 83' lang='lat' dir='ltr'><strong>Theocriti</strong></span> <span class='ocrx_word' id='word_1_267' title='bbox 678 3611 763 3692; x_wconf 72' lang='grc' dir='ltr'><strong><em>χοῶν</em></strong></span> <span class='ocrx_word' id='word_1_268' title='bbox 782 3605 878 3671; x_wconf 88' lang='lat' dir='ltr'><strong>nobis</strong></span> <span class='ocrx_word' id='word_1_269' title='bbox 901 3607 1182 3696; x_wconf 84' lang='lat' dir='ltr'><strong>suspectissimum</strong></span> <span class='ocrx_word' id='word_1_270' title='bbox 1206 3613 1304 3674; x_wconf 88' lang='lat' dir='ltr'><strong>estet</strong></span> <span class='ocrx_word' id='word_1_271' title='bbox 1333 3649 1334 3654; x_wconf 20' lang='grc' dir='ltr'>η</span> 
     </span>
     <span class='ocr_line' id='line_1_33' title="bbox 210 3705 1334 3799; baseline -0.002 -27"><span class='ocrx_word' id='word_1_272' title='bbox 210 3706 476 3799; x_wconf 74' lang='lat' dir='ltr'><strong>placetBriggsii</strong></span> <span class='ocrx_word' id='word_1_273' title='bbox 497 3705 677 3774; x_wconf 79' lang='lat' dir='ltr'><strong>emendatio</strong></span> <span class='ocrx_word' id='word_1_274' title='bbox 699 3711 798 3771; x_wconf 78' lang='grc' dir='ltr'><strong>ποιῶν.</strong></span> <span class='ocrx_word' id='word_1_275' title='bbox 843 3707 949 3772; x_wconf 86' lang='lat' dir='ltr'><strong>Etiam</strong></span> <span class='ocrx_word' id='word_1_276' title='bbox 972 3707 1112 3787; x_wconf 78' lang='grc' dir='ltr'><strong><em>ἀπήλαον</em></strong></span> <span class='ocrx_word' id='word_1_277' title='bbox 1135 3710 1303 3797; x_wconf 86' lang='lat' dir='ltr'><strong>1001jure</strong></span> <span class='ocrx_word' id='word_1_278' title='bbox 1333 3787 1334 3798; x_wconf 33' lang='lat'><strong>,</strong></span> 
     </span>
     <span class='ocr_line' id='line_1_34' title="bbox 211 3808 1334 3900; baseline -0.004 -23"><span class='ocrx_word' id='word_1_279' title='bbox 211 3810 325 3877; x_wconf 83' lang='lat' dir='ltr'><strong>Gicsio</strong></span> <span class='ocrx_word' id='word_1_280' title='bbox 347 3819 534 3900; x_wconf 83' lang='lat' dir='ltr'><strong>corruptum</strong></span> <span class='ocrx_word' id='word_1_281' title='bbox 560 3808 689 3875; x_wconf 82' lang='lat' dir='ltr'><strong>videtur</strong></span> <span class='ocrx_word' id='word_1_282' title='bbox 716 3833 757 3874; x_wconf 79' lang='lat' dir='ltr'><strong>ex</strong></span> <span class='ocrx_word' id='word_1_283' title='bbox 786 3808 929 3887; x_wconf 74' lang='grc' dir='ltr'><strong><em>ἀπήλααν</em></strong></span> <span class='ocrx_word' id='word_1_284' title='bbox 957 3825 1018 3900; x_wconf 78' lang='lat' dir='ltr'><strong>pr‘o</strong></span> <span class='ocrx_word' id='word_1_285' title='bbox 1055 3811 1239 3897; x_wconf 72' lang='grc' dir='ltr'>ἀπήλασαν,</span> <span class='ocrx_word' id='word_1_286' title='bbox 1271 3816 1303 3873; x_wconf 85' lang='lat' dir='ltr'><strong>ul</strong></span> <span class='ocrx_word' id='word_1_287' title='bbox 1333 3834 1334 3884; x_wconf 59' lang='grc' dir='ltr'><em>ξ</em></span> 
     </span>
    </p>
   </div>
   <div class='ocr_carea' id='block_1_11' title="bbox 210 3909 1334 4003">
    <p class='ocr_par' dir='ltr' id='par_1_12' title="bbox 210 3909 1334 4003">
     <span class='ocr_line' id='line_1_35' title="bbox 210 3909 1334 4003; baseline -0.003 -25"><span class='ocrx_word' id='word_1_288' title='bbox 210 3911 384 3978; x_wconf 79' lang='lat' dir='ltr'><strong>scholiasta</strong></span> <span class='ocrx_word' id='word_1_289' title='bbox 405 3913 557 4002; x_wconf 84' lang='lat' dir='ltr'><strong>explicat.</strong></span> <span class='ocrx_word' id='word_1_290' title='bbox 602 3911 673 3978; x_wconf 88' lang='lat' dir='ltr'><strong>Nec</strong></span> <span class='ocrx_word' id='word_1_291' title='bbox 694 3911 802 3976; x_wconf 86' lang='lat' dir='ltr'><strong>minus</strong></span> <span class='ocrx_word' id='word_1_292' title='bbox 824 3935 885 4001; x_wconf 88' lang='lat' dir='ltr'><strong>pro</strong></span> <span class='ocrx_word' id='word_1_293' title='bbox 906 3911 1063 3994; x_wconf 84' lang='grc' dir='ltr'><strong><em>Μναμόνα</em></strong></span> <span class='ocrx_word' id='word_1_294' title='bbox 1086 3915 1190 3998; x_wconf 78' lang='grc'>1248,</span> <span class='ocrx_word' id='word_1_295' title='bbox 1219 3909 1303 4003; x_wconf 89' lang='lat' dir='ltr'><strong>quod</strong></span> <span class='ocrx_word' id='word_1_296' title='bbox 1333 3915 1334 3964; x_wconf 65' lang='lat' dir='ltr'><strong>t</strong></span> 
     </span>
    </p>
   </div>
   <div class='ocr_carea' id='block_1_12' title="bbox 208 4001 1334 4220">
    <p class='ocr_par' dir='ltr' id='par_1_13' title="bbox 208 4001 1334 4220">
     <span class='ocr_line' id='line_1_36' title="bbox 210 4001 1334 4106; baseline -0.006 -25"><span class='ocrx_word' id='word_1_297' title='bbox 210 4001 307 4081; x_wconf 89' lang='lat' dir='ltr'><strong>nihili</strong></span> <span class='ocrx_word' id='word_1_298' title='bbox 336 4025 414 4098; x_wconf 80' lang='lat' dir='ltr'><strong>cst,¹</strong></span> <span class='ocrx_word' id='word_1_299' title='bbox 449 4039 550 4106; x_wconf 81' lang='lat' dir='ltr'><strong>quum</strong></span> <span class='ocrx_word' id='word_1_300' title='bbox 578 4012 613 4079; x_wconf 90' lang='lat' dir='ltr'><strong>in</strong></span> <span class='ocrx_word' id='word_1_301' title='bbox 642 4023 733 4104; x_wconf 87' lang='lat' dir='ltr'><strong>parte</strong></span> <span class='ocrx_word' id='word_1_302' title='bbox 763 4013 921 4078; x_wconf 88' lang='lat' dir='ltr'><strong>librorum</strong></span> <span class='ocrx_word' id='word_1_303' title='bbox 942 4015 1142 4096; x_wconf 78' lang='grc' dir='ltr'><strong><em>Μναμοσύνα</em></strong></span> <span class='ocrx_word' id='word_1_304' title='bbox 1163 4016 1301 4104; x_wconf 76' lang='lat' dir='ltr'><strong>legatur,</strong></span> <span class='ocrx_word' id='word_1_305' title='bbox 1333 4023 1334 4052; x_wconf 76' lang='lat'>³</span> 
     </span>
     <span class='ocr_line' id='line_1_37' title="bbox 208 4112 1334 4220; baseline -0.012 -37"><span class='ocrx_word' id='word_1_306' title='bbox 208 4117 445 4184; x_wconf 68' lang='lat' dir='ltr'><strong>restitundum</strong></span> <span class='ocrx_word' id='word_1_307' title='bbox 465 4129 618 4207; x_wconf 82' lang='lat' dir='ltr'><strong>putamus</strong></span> <span class='ocrx_word' id='word_1_308' title='bbox 636 4115 825 4197; x_wconf 70' lang='grc' dir='ltr'><strong><em>Μναμοΰνα.</em></strong></span> <span class='ocrx_word' id='word_1_309' title='bbox 869 4113 1065 4200; x_wconf 76' lang='lat' dir='ltr'><strong>Dcyapsot‘n,</strong></span> <span class='ocrx_word' id='word_1_310' title='bbox 1088 4117 1178 4206; x_wconf 80' lang='lat' dir='ltr'><strong>quod</strong></span> <span class='ocrx_word' id='word_1_311' title='bbox 1190 4143 1224 4184; x_wconf 80' lang='lat' dir='ltr'><strong>v,</strong></span> <span class='ocrx_word' id='word_1_312' title='bbox 1242 4112 1302 4182; x_wconf 84' lang='grc'><strong>980</strong></span> <span class='ocrx_word' id='word_1_313' title='bbox 1333 4161 1334 4220; x_wconf 60' lang='lat'><strong>,</strong></span> 
     </span>
    </p>
   </div>
   <div class='ocr_carea' id='block_1_13' title="bbox 208 4210 1301 4327">
    <p class='ocr_par' dir='ltr' id='par_1_14' title="bbox 208 4210 1301 4327">
     <span class='ocr_line' id='line_1_38' title="bbox 208 4210 1301 4327; baseline -0.007 -40"><span class='ocrx_word' id='word_1_314' title='bbox 208 4219 466 4310; x_wconf 81' lang='lat' dir='ltr'><strong>rescripserunt,</strong></span> <span class='ocrx_word' id='word_1_315' title='bbox 490 4242 588 4308; x_wconf 88' lang='lat' dir='ltr'><strong>supra</strong></span> <span class='ocrx_word' id='word_1_316' title='bbox 609 4217 751 4327; x_wconf 80' lang='lat' dir='ltr'><strong>diximus</strong></span> <span class='ocrx_word' id='word_1_317' title='bbox 773 4210 804 4305; x_wconf 55' lang='grc' dir='ltr'><strong>ᾗ.</strong></span> <span class='ocrx_word' id='word_1_318' title='bbox 819 4215 853 4300; x_wconf 89' lang='grc'><strong>6,</strong></span> <span class='ocrx_word' id='word_1_319' title='bbox 867 4217 899 4283; x_wconf 90' lang='grc'><strong>6.</strong></span> <span class='ocrx_word' id='word_1_320' title='bbox 946 4216 1186 4284; x_wconf 82' lang='lat' dir='ltr'><strong>Servatumest</strong></span> <span class='ocrx_word' id='word_1_321' title='bbox 1200 4217 1301 4306; x_wconf 74' lang='lat' dir='ltr'><strong>sigma</strong></span> 
     </span>
    </p>
   </div>
   <div class='ocr_carea' id='block_1_14' title="bbox 0 0 1358 4818">
    <p class='ocr_par' dir='ltr' id='par_1_15' title="bbox 0 0 1358 4818">
     <span class='ocr_line' id='line_1_39' title="bbox 0 0 1358 4818; baseline 0 0"><span class='ocrx_word' id='word_1_322' title='bbox 0 0 1358 4818; x_wconf 95' lang='lat' dir='ltr'><strong> </strong></span> 
     </span>
    </p>
   </div>
  </div>
 </body>
</html>
