2712 4818
144 1460 315 1566 lnitex
345 1498 567 1581 stolorum
589 1503 635 1568 et
655 1451 1063 1566 obbreulotlonnm.

573 1723 601 1730 -q
620 1722 768 1730 ---·-—--

116 1977 159 2033 td
184 1993 239 2044 en,
279 1973 387 2043 quibus
411 1974 441 2029 in
461 1973 553 2028 Libro
570 1973 669 2028 Primo
695 1974 738 2027 usi
763 1987 873 2040 sumus,
906 1985 997 2042 punct
1022 1970 1168 2038 secedunt,

61 2090 119 2141 quse
136 2070 348 2144 explicatione
366 2087 451 2138 egere
470 2068 612 2124 videntur.

119 2199 199 2251 llcr.
239 2191 448 2260 inscriptiones
467 2193 607 2246 Acrenses
626 2190 684 2246 uid.
703 2208 729 2262 p.
751 2193 792 2246 13.

124 2297 207 2363 lgr.
245 2291 403 2347 Decretum
422 2288 676 2356 Agrigentinorum
695 2287 767 2341 ibid.

120 2389 245 2460 Amph.
284 2386 437 2441 Decretum
456 2383 697 2456 Amphictyonum
715 2383 747 2438 (l.
766 2382 789 2438 1.
814 2398 856 2436 nr.
877 2383 946 2441 1688
973 2382 1030 2436 vid.
1048 2385 1131 2455 p.ll.

121 2487 222 2542 chal.
260 2483 352 2538 Tituli
370 2483 535 2538 Chellenses
554 2481 613 2536 vid.
632 2481 703 2535 ibid.

123 2583 209 2652 (lyr.
248 2579 341 2637 Tituli
360 2578 514 2649 cyrenaici
533 2577 591 2631 vid.
610 2593 640 2648 p.
659 2581 701 2632 17.

125 2676 202 2732 Gel.
239 2675 392 2732 Decretum
411 2672 576 2729 Gelensium
601 2673 660 2728 vid.
677 2690 706 2744 p.
726 2674 768 2729 1³.

123 2773 240 2828 llerm.
278 2771 370 2826 Tituli
389 2770 622 2825 Hermionenses.

124 2867 201 2935 lgn.
218 2867 307 2922 2670
327 2863 386 2920 vid.
413 2881 441 2935 p.
464 2866 505 2920 15.

122 2962 185 3019 lss.
221 2961 314 3017 Tituli
331 2961 458 3017 Issenses
476 2959 534 3014 vid.
555 2977 584 3030 p.
605 2963 647 3017 13.

122 3058 156 3112 L.
173 3069 224 3113 snt
242 3056 351 3112 Leolr.
377 3057 504 3112 numeris
520 3056 649 3112 additum
672 3056 781 3112 indicnt
799 3053 999 3126 inscriptiones
1016 3072 1033 3111 n
1050 3055 1163 3112 Letlsio

191 3153 223 3207 in
249 3153 373 3209 lloret
398 3163 447 3207 tut
480 3152 509 3206 in
539 3152 683 3209 itinere
711 3169 773 3223 per
802 3151 991 3207 Graeciam
1017 3162 1162 3224 septen·

193 3250 387 3306 trionalem
406 3250 506 3306 editos.
563 3321 566 3328 ι

120 3347 203 3403 Luc.
238 3347 331 3404 Tituli
359 3346 495 3401 Laconici
523 3357 551 3400 et
582 3345 663 3400 Lac.
682 3334 751 3401 rec'.
779 3342 953 3402 recentiores
976 3353 1041 3417 post
1066 3361 1090 3398 n
1109 3347 1162 3401 tuo

189 3444 303 3516 scripti.

121 3543 253 3612 lllegnl.
291 3541 381 3598 Tituli
400 3540 647 3612 Megalopolitani.

26 3704 29 3713 Ι
122 3638 156 3708 ll.
177 3647 226 3693 sut
243 3636 340 3693 lloss.
368 3636 493 3691 numeris
511 3635 637 3691 additum
658 3636 766 3694 indicet
785 3637 884 3694 titulos
901 3654 918 3693 n
934 3637 1039 3694 Roscio
1056 3638 1085 3693 in
1105 3639 1160 3694 ln-

187 3735 464 3807 scriptionibus
491 3734 644 3790 Graecis
670 3736 752 3793 Fuso.
772 3736 798 3792 1.
818 3735 857 3790 1Ῑ.
883 3748 912 3791 et
940 3735 1022 3794 llctis
1046 3737 1159 3792 Aoede-

186 3829 262 3885 mise
281 3828 477 3892 Monacensis,
503 3828 562 3886 vid.
581 3847 610 3899 p.
631 3832 679 3898 15,
706 3829 808 3888 editos.

118 3926 202 3995 Teg.
240 3924 333 3981 Tituli
351 3923 518 3995 Tegeatici,
556 3935 585 3980 et
603 3925 687 3995 Teg.
706 3925 742 3982 11.
759 3925 795 3980 L.
814 3925 841 3981 is
858 3940 941 3994 quem
959 3924 1078 3982 Rossins
1095 3926 1158 3982 edi-

188 4023 232 4078 tlit
249 4021 281 4077 in
298 4021 536 4092 Ephemeridibos
554 4022 727 4080 llslensibus
745 4023 803 4079 vid.
822 4040 851 4094 p.
869 4026 896 4082 9.

116 4145 147 4202 si
166 4161 223 4214 qun
247 4154 396 4216 praetereo
419 4143 540 4201 obscuro
564 4144 727 4209 rideantur,
759 4162 857 4201 eornm
879 4156 1046 4218 potestatem
1071 4101 1158 4204 focile
1192 4203 1197 4212 ,

57 4241 146 4310 ομ
171 4255 338 4310 cognosces.
378 4239 513 4310 Numeri,
544 4240 648 4310 qnibns
665 4239 740 4296 nihil
757 4241 884 4297 additum
904 4251 961 4312 est,
992 4241 1157 4312 eucarpus
