2746 4818
228 355 262 448 t.
282 355 344 434 44.
371 360 429 432 De
450 357 634 436 adverbiis
654 359 727 434 loci
748 374 784 434 et
806 361 995 460 temporis.
1087 361 1164 444 373

76 561 212 628 conferas
243 559 420 644 κροφάδις,
455 560 545 650 quod
567 573 823 626 commemorant
842 562 1047 653 Theognost.
1074 566 1162 632 Oxx.

74 663 123 745 Il,
145 663 225 744 163,
248 663 291 728 22
312 673 345 728 et
365 663 486 730 Joann.
511 664 568 729 Al.
593 663 655 747 38,
678 663 721 729 27
752 663 775 729 i.
801 687 832 730 c.
863 669 1043 753 inaqeheim.
1091 667 1163 735 Nec

74 766 176 830 minus
199 766 291 848 διχᾶ
319 775 352 830 et
371 770 508 851 τριχᾶ,
540 767 664 831 rectius
693 769 766 850 διχᾷ
794 778 827 832 et
853 771 964 852 τριχᾷ,
997 779 1074 834 sunt
1102 792 1163 860 pro

75 871 139 956 διχῇ
158 878 190 931 et
210 869 303 954 τριχῇ
323 866 365 931 in
390 867 490 934 duas
514 877 552 932 ct
573 878 662 932 tres
684 881 827 956 partes
849 879 923 953 ant,
949 868 1160 952 aimalueria,
1264 901 1268 925 ι

73 970 178 1035 eodem
200 991 301 1034 sensu
325 992 362 1034 ac
382 972 477 1054 διχῶς
498 981 530 1034 et
552 973 678 1055 τριχῶς.

150 1069 203 1156 11)
240 1070 409 1138 Adverhia
430 1095 448 1136 a
472 1071 687 1138 substantivis
709 1096 770 1162 per
789 1073 941 1138 suffixum
965 1075 997 1138 δε
1020 1073 1163 1143 derivata

69 1199 131 1238 nou
151 1173 331 1262 reperimus
354 1172 390 1236 in
411 1173 561 1239 lontibus
578 1173 714 1239 Dorieis
736 1185 865 1262 praeter
887 1177 992 1240 οἴκαδε
1007 1177 1160 1266 Thucyd.

69 1277 111 1360 V,
133 1275 183 1342 77.
230 1275 352 1342 Contra
381 1299 442 1364 pro
473 1277 577 1342 οἴκαδε
599 1275 758 1341 Doricum
789 1277 912 1342 dicitnr
940 1280 1060 1354 οἴκαδις
1086 1303 1104 1344 a
1126 1278 1159 1346 J.

69 1379 125 1444 Gr.
147 1375 220 1454 24³,
237 1376 278 1460 h,
303 1378 424 1450 οἴκαδις
447 1399 464 1440 a
486 1375 547 1442 Gr.
572 1378 611 1443 C.
635 1403 669 1468 p.
694 1377 757 1443 364
780 1389 812 1445 et
834 1377 909 1464 (uhi
930 1383 1162 1448 Acharnenses

69 1483 265 1570 spectantur)
295 1505 329 1568 p.
351 1477 436 1558 230,
470 1477 549 1544 item
579 1481 702 1554 οἴκαδις
723 1481 779 1545 Et.
804 1481 852 1546 M.
876 1482 951 1560 517,
975 1484 1018 1550 24
1049 1483 1083 1548 iu
1112 1507 1162 1548 re-

67 1582 207 1648 centiore
228 1581 460 1646 additamento.
494 1579 647 1645 Dialecto
670 1605 736 1645 non
759 1583 924 1647 nominata
947 1587 1067 1660 οἴκαδις
1088 1609 1162 1674 pro·

65 1696 288 1775 paroxytouon
302 1682 387 1747 inter
402 1681 555 1747 adverbia
570 1681 606 1745 in
624 1684 671 1758 δις
688 1697 960 1750 commemoratur
974 1709 991 1750 a
1006 1686 1159 1776 Theogn.

66 1790 151 1854 Oxx.
185 1787 238 1870 ll,
270 1786 352 1868 163,
381 1785 435 1850 22.
490 1783 633 1874 Legitur
667 1786 787 1859 οἴκαδις
817 1788 961 1854 Acheru.
992 1787 1056 1854 708
1091 1789 1163 1867 (uhi

63 1894 180 1957 lenium
202 1887 398 1953 scholiastae
421 1887 561 1963 οἴκαδις)
584 1896 617 1950 et
638 1885 723 1972 715,
757 1887 955 1977 Epicharmo
985 1889 1027 1952 ir.
1052 1890 1092 1956 19
1121 1915 1162 1955 ex

65 1989 169 2058 οἴκαδ’
193 1994 255 2068 εἰς,
291 1989 378 2079 qumi
402 2001 452 2054 est
472 1989 507 2052 iu
532 1989 696 2052 Athenaei
719 1989 833 2055 codice
855 1991 884 2054 P
906 2003 937 2056 et
959 1989 1161 2058 editionibus

62 2095 143 2178 VL,
176 2091 325 2180 Heringa
349 2093 473 2165 οἴκαδες
501 2088 630 2155 restitui
655 2090 779 2176 jussit,
814 2091 1008 2158 Dindorlius
1041 2095 1162 2168 οἴκαδις

64 2196 162 2262 dedit.
208 2195 312 2260 Recte
328 2194 402 2278 hic,
427 2191 556 2283 siquid
578 2191 749 2278 videmus3
773 2218 846 2260 uam
870 2197 993 2271 οἴκαδες
1013 2195 1049 2261 in
1068 2199 1161 2262 scho-

61 2300 118 2366 liis
138 2296 374 2386 Aristophanis
406 2294 522 2362 calami
551 2294 644 2383 lapsn
673 2296 831 2386 scriptum
862 2309 895 2364 et
916 2298 994 2366 inde
1016 2299 1057 2363 ad
1080 2298 1159 2366 Gre-

62 2400 188 2491 gorium
220 2410 253 2463 et
285 2401 320 2464 iu
354 2396 620 2488 Etymologicum
651 2423 806 2488 magnum
838 2413 1053 2491 propagatum
1086 2425 1160 2468 esse

59 2503 200 2570 videtur.
252 2500 407 2566 Doricam
437 2499 700 2564 terminationem
725 2502 796 2575 δις,
829 2524 927 2592 quam
951 2514 1040 2568 extra
1062 2504 1160 2567 Dori·

60 2609 132 2673 (lem
158 2605 193 2670 in
216 2601 370 2690 χαμάδις,
395 2601 525 2683 ἄμυδις,
550 2597 672 2675 <tituta
694 2611 726 2664 et
747 2602 823 2667 aliis
845 2615 994 2693 apparet,
1028 2615 1161 2669 tuentur·

58 2711 178 2784 etiarn,
212 2730 296 2796 quae
324 2703 448 2769 Dorica
477 2714 655 2785 vocantur,
688 2703 910 2789 χαμάκδις,
942 2704 1159 2790 οἶγροὶοδις,

56 2808 357 2894 Ὀλυμπιάιδις
380 2811 434 2882 ¹¹).
492 2805 699 2890 Quaeritur,
735 2807 898 2896 quomodo
933 2832 991 2874 eae
1022 2810 1159 2893 formae,

55 2938 141 3004 quae
170 2939 187 2976 κ
217 2909 456 3000 pleonasticum
487 2907 607 2974 haherc
629 2908 802 2994 videntur,
837 2911 996 3002 explicari
1018 2912 1158 3001 possint.

57 3017 96 3082 In
120 3011 352 3095 Ὀλυμπιάιδις
381 3021 515 3100 apparet
545 3012 695 3076 suffixum
727 3015 775 3087 δις
802 3013 987 3080 accusativo
1016 3014 1160 3080 additum

53 3142 153 3199 csse,
180 3115 266 3180 sicut
289 3117 320 3178 δε
343 3114 376 3179 iu
400 3113 536 3191 οἰκόιδε,
562 3113 676 3187 ἅλαδε,
706 3117 875 3200 Τροίηνδε,
908 3115 987 3181 item
1008 3116 1160 3202 χαμάοδις

50 3221 93 3286 ad
120 3218 306 3284 obsoletum
337 3215 575 3282 substantivum
604 3215 689 3301 χαμά
723 3218 782 3295 (ci.
806 3218 931 3282 Buttm.
961 3217 995 3281 ll
1024 3243 1058 3307 p.
1082 3220 1160 3297 351)

48 3343 211 3388 revocare
240 3319 328 3384 licet.
385 3318 585 3406 Relragatur
618 3317 786 3404 οἴγράκδις,
823 3319 910 3408 quod
941 3342 1001 3408 pro
1031 3319 1160 3402 ἀγρόνδε

47 3447 130 3491 esse
153 3433 271 3512 putant
291 3423 344 3487 vel
357 3445 418 3514 pro
434 3422 561 3504 ι’ἴγραδε,
586 3420 677 3508 quod·
692 3419 914 3486 Callimachus
937 3420 1017 3499 (vid.
1032 3421 1156 3486 Buttm.

45 3530 84 3594 ll
122 3551 158 3616 p.
191 3525 274 3607 351,
311 3523 368 3587 uhi
401 3523 592 3588 Loheelsius
625 3521 735 3587 miuus
767 3521 949 3611 prohahilia
979 3523 1158 3602 adnotavit)

43 3638 169 3694 eontra
186 3627 310 3713 justam
333 3624 518 3713 analogiam
541 3623 677 3690 finxisse
699 3624 846 3710 videtum
878 3625 1095 3714 nequeenim
1118 3625 1158 3690 de

41 3728 259 3796 nominativo
283 3726 365 3810 ἄγρα
387 3750 447 3816 pro
471 3724 566 3809 ἀγρός
587 3727 729 3816 cogitari
746 3737 865 3817 potest.
910 3729 1027 3816 ltaque
1052 3725 1158 3815 suspi-

40 3857 167 3900 camur
190 3835 274 3901 hanc
296 3852 408 3894 vocem
431 3853 471 3894 ex
494 3825 662 3914 ἅγοράοδις
690 3829 713 3893 i.
738 3854 769 3894 e.
801 3829 952 3914 ἀγορήνδε
974 3840 1157 3919 corruptam

80 4084 130 4146 ιι)
167 4077 299 4144 Theogn.
322 4077 419 4158 axx.-
418 4077 465 4143 11,
485 4079 549 4158 roa,
568 4077 600 4130 ar
628 4071 735 4139 ruens.
761 4075 845 4132 raca).
880 4069 915 4122 ιο
934 4071 967 4130 ος
991 4055 1034 4130 tt}
1049 4070 1156 4142 cupra

32 4188 122 4232 μοπα
143 4169 242 4232 ἔχοντα
260 4161 312 4234 πρὸ
331 4167 378 4214 τοῦ
398 4168 414 4216 δ
431 4161 480 4231 τὴν
498 4183 531 4214 aa
548 4158 682 4228 συλλαβὴν
700 4157 744 4211 διὰ
761 4163 809 4210 τοῦ
828 4162 842 4210 ῖ
860 4157 988 4230 γράφεται
1007 4161 1050 4211 καὶ
1068 4157 1159 4231 Δώριοῖ

31 4258 133 4322 ἐστιν,
154 4248 212 4308 o'ma
228 4250 372 4315 χαμάνδις,
391 4248 530 4322 clypeatae,
547 4245 742 4310 Ὀλυμπιάκδις.
