2746 4818
219 391 251 486 6.
274 391 335 470 tl.
362 396 419 467 De
438 391 623 468 adverbiis
643 389 717 466 loci
739 403 775 464 et
797 389 986 486 temporis.
1074 390 1151 468 365

57 598 95 666 ad
126 621 329 666 communem
358 599 481 665 fontem
511 599 693 664 revocanda
722 621 797 664 esse
823 620 1008 664 censemus.
1051 599 1151 666 Anti-

57 703 210 792 quissima
238 702 328 766 enirn
357 701 544 767 terminatio
573 708 620 765 Fr
646 701 752 770 luisse
779 699 911 766 videtur
939 702 1012 784 vel,
1044 703 1151 768 vocali

56 805 249 893 praemissa,
285 810 367 868 oFc.
421 804 510 875 Hine
541 803 684 893 primum
715 802 814 868 lacile
848 812 923 866 nata
951 814 1003 868 est
1029 803 1151 870 Latina
1270 823 1282 850 ·

55 905 235 972 terminatio
255 905 299 970 bi
322 905 427 988 (ibi,
458 906 546 985 ubi,
576 902 744 992 utrobi)
767 916 799 969 et
822 904 947 970 Graeca
969 932 1031 986 φο,
1065 931 1150 996 quae

53 1014 85 1074 in
109 1007 225 1090 αὐτόφι
246 1008 423 1096 aliquoties
446 1009 533 1096 apud
548 1008 729 1073 Homerum
752 1016 879 1071 servata
901 1017 971 1091 est,
992 1007 1070 1073 binc
1091 1033 1152 1099 per

52 1111 263 1202 aspiraturum
286 1110 577 1197 permutationem,
614 1112 669 1176 cui
698 1109 829 1176 favebat
859 1109 1086 1176 adverbiorum
1113 1112 1150 1176 in

51 1223 105 1277 θεν
126 1212 298 1299 analogia,
331 1213 483 1278 usitatior
503 1213 690 1278 terminatio
716 1223 763 1277 θι
788 1211 927 1300 prodiit,
961 1211 1060 1291 πόθι,
1093 1212 1150 1305 αὐτ

51 1315 131 1380 addo.
175 1313 308 1380 Deinde
330 1321 371 1377 Fe
392 1314 551 1382 facillime
573 1315 704 1380 transiit
724 1315 760 1379 in
782 1314 983 1382 Lesbiaeum
1007 1340 1056 1393 νο,
1090 1317 1151 1382 nbi

52 1427 130 1483 teste
151 1412 327 1482 Prisciano
356 1441 374 1479 υ
403 1417 651 1506 pronuntiatum
674 1428 726 1483 est
747 1415 833 1480 sicut
862 1441 885 1482 u
914 1417 950 1481 in
981 1418 1148 1504 suavis,
1173 1436 1180 1440 “

51 1546 130 1610 quae
152 1517 338 1586 terminatio
367 1518 444 1584 item
474 1518 509 1582 in
540 1518 674 1583 Cretico
704 1517 759 1580 adi*
781 1517 1006 1606 conspicitur,
1039 1545 1149 1610 neque

50 1625 141 1688 aliter
164 1647 205 1688 ex
228 1629 287 1686 oFo
303 1622 426 1686 factum
443 1631 494 1686 est
516 1645 578 1684 ουν
598 1619 634 1683 in
651 1617 783 1684 Cretico
797 1619 917 1696 κηνοὺΐ.
963 1620 1148 1710 Dipbtbon-

51 1751 109 1812 gos
129 1749 160 1788 νο
182 1748 280 1812 quam
301 1734 415 1811 vergat
436 1722 472 1787 in
501 1749 520 1785 υ
542 1733 575 1786 et
596 1747 651 1806 ον,
686 1745 770 1812 quae
798 1731 876 1785 eunt
902 1721 1150 1792 terminationes

50 1827 247 1908 Lesbiacae,
270 1827 349 1890 baec
371 1824 468 1890 etiam
480 1823 623 1901 Dorica,
648 1822 864 1912 conspicuum
887 1833 957 1908 est,
979 1847 998 1889 e
1018 1822 1149 1892 Cretica

48 1929 276 1994 terminatione
293 1953 343 1992 ονι
357 1927 514 1993 facillime
527 1928 697 2016 vulgarem
720 1951 763 1990 ου
785 1924 994 1990 derivaveris.
1029 1926 1149 1993 Paullo

47 2031 150 2119 magis
183 2032 224 2095 ab
255 2030 391 2119 antiqua
423 2031 528 2094 forma
557 2029 696 2096 recessit
723 2028 846 2094 Dorica
874 2028 1062 2094 terminatio
1095 2053 1148 2116 se,

49 2157 217 2221 compares
238 2142 347 2197 umen
366 2132 508 2215 γλυκεῖα,
545 2134 634 2223 qnod
662 2155 723 2223 pro
743 2138 882 2215 ylveFoa
903 2154 976 2198 esse
1000 2141 1147 2220 apparet,

50 2246 81 2298 et
101 2234 262 2300 Doricum
284 2236 420 2312 ἐοινεῖα,
450 2232 540 2322 quod
562 2247 614 2300 est
633 2258 694 2324 pro
715 2233 845 2322 vulgari
869 2235 1009 2318 ἐοικυῖα,
1032 2233 1148 2299 lonico

48 2339 180 2403 ἐοικοΐα.
226 2336 430 2402 Difficillime
455 2347 562 2401 autem
584 2335 625 2399 ad
647 2335 877 2424 explicandum
901 2347 951 2402 est
971 2335 1148 2403 severioris

46 2439 186 2505 Doridis
209 2437 394 2504 terminatio
416 2466 456 2520 η,
478 2461 605 2526 neque,
628 2460 730 2525 quum
745 2439 812 2503 iota
826 2439 903 2503 huic
918 2439 1149 2506 adverbiorum

49 2543 164 2628 generi
187 2541 227 2606 ab
249 2540 379 2630 origine
402 2540 587 2615 inhaereat,
609 2539 769 2626 reliquis,
799 2539 835 2604 in
858 2539 982 2628 quibus
1004 2541 1149 2608 severior

45 2643 149 2708 Doris
172 2671 192 2720 η
215 2667 276 2731 pro
297 2642 429 2734 vulgari
458 2665 486 2704 εν
512 2640 632 2706 babere
661 2641 784 2706 certius
815 2641 1046 2729 cognoscitur,
1080 2642 1149 2708 nisi

44 2745 234 2810 dubitanter
251 2744 437 2832 ¹comparari
458 2753 578 2834 potest.

131 2847 165 2922 5)
200 2845 293 2929 Quae
315 2845 468 2911 adverbia
491 2847 589 2912 modo
612 2845 890 2932 enumeravimus,
914 2845 1023 2913 omnia
1041 2872 1148 2938 apro·

41 2948 237 3014 nominibus
259 2949 484 3032 descendunt,
519 2971 585 3013 uua
607 2946 827 3037 Epimenides
852 2974 934 3022 voce
961 2953 1071 3028 πλατδη
1094 2976 1149 3017 ex·

41 3063 149 3141 cepto.
197 3049 327 3116 Similia
348 3063 456 3119 tamen
479 3065 557 3116 suut
578 3050 734 3116 adverbia
756 3053 936 3140 quaedam,
964 3053 1043 3119 item
1065 3054 1149 3121 mul·

37 3152 213 3236 til'ormia,
238 3177 322 3242 quae
344 3178 362 3218 a
384 3152 683 3244 praepositionibus
706 3155 738 3218 ἐν
761 3167 794 3220 et
818 3157 850 3230 ἐξ
864 3154 1062 3220 derivantur.
1096 3155 1149 3222 Eo

37 3255 212 3346 pertinent
231 3257 375 3344 primum
389 3256 550 3346 Hesycbii
567 3256 699 3343 glossae
721 3255 845 3334 dedas,
869 3255 972 3322 ἔνδον·
995 3257 1149 3333 Λάκωνες

37 3371 72 3422 et
96 3357 202 3433 ἕξει,
226 3357 304 3433 ἔξω·
326 3357 492 3434 Λάκωνες.
538 3358 627 3425 lllnd
644 3381 684 3423 ex
699 3359 778 3422 ἰντεῒ
791 3369 981 3447 corruptum
996 3359 1147 3444 videtur,

37 3460 220 3550 utriusque
237 3461 500 3526 terminationem
519 3461 690 3541 miramur,
715 3459 745 3524 si
766 3461 829 3543 nsi,
853 3462 929 3524 reida
944 3473 1007 3527 etc.
1027 3463 1107 3547 jure
1128 3484 1148 3527 a

33 3561 211 3627 Laconica
234 3562 374 3628 dialecto
394 3563 501 3628 aliena
523 3571 688 3650 putantur.
719 3599 762 3613 -
804 3563 936 3629 Deinde
957 3575 1085 3630 constat
1106 3563 1148 3629 de

32 3665 156 3731 ἔνδον
176 3677 209 3731 et
231 3665 315 3742 ἔξοο
337 3664 425 3755 apud
441 3662 667 3752 Syracusanos
683 3667 710 3742 ⁴)
731 3687 792 3754 pro
814 3663 901 3732 ἔνδον
922 3675 955 3731 et
971 3663 1041 3745 ἔξω,
1066 3690 1146 3758 quo·

68 3945 102 4010 4)
142 3941 191 3999 Et.
210 3941 250 3995 M.
269 3943 336 4002 663,
354 3941 398 3996 28.
436 3937 462 3992 ol
478 3938 656 4013 Συρακούσιον
680 3941 731 4000 ἷξον
754 3941 856 4008 λέγουσι
881 3969 914 3980 -
940 3941 972 3996 τὸ
991 3945 1063 3998 dedeo
1079 3943 1150 3997 ἐνδοῖ

28 4032 161 4096 λέγουσιν
186 4026 220 4088 ὥς
242 4025 319 4101 παρὰ
347 4028 489 4096 Oroandem·
517 4027 586 4080 δνδοῑ
600 4027 744 4100 Πραξινόοο.
762 4058 796 4068 -
830 4028 956 4082 Eustath.
975 4031 1040 4096 14⁰,
1060 4033 1093 4084 1³
1117 4040 1145 4084 et

26 4118 111 4168 Ann.
133 4117 214 4168 Oxx.
233 4114 293 4182 lll,
312 4118 380 4181 ³97,
398 4116 423 4169 8.
460 4111 544 4185 ἁρμοῖ
555 4115 751 4186 Συρακουσίων·
766 4113 795 4170 δν
818 4113 887 4167 κατὰ
909 4113 955 4169 τὸν
971 4114 1086 4179 τεχνικόν
1110 4146 1143 4157 -

26 4201 106 4256 κατὰ
133 4202 167 4254 ed
191 4204 237 4261 ἔξω
260 4201 314 4260 diod
329 4203 374 4253 καὶ
391 4203 462 4255 ἔνδον
479 4201 551 4253 dedo?
565 4200 642 4274 παρὰ
661 4203 799 4274 Θεοκρίτου.
835 4203 882 4255 De
899 4201 1059 4255 Siculorum
1077 4203 1144 4255 ledor

25 4290 93 4344 vid.
117 4289 143 4356 6.
166 4292 200 4345 14
221 4297 279 4344 not.
299 4292 324 4344 1.
353 4317 386 4328 -
423 4289 472 4343 Gr.
491 4287 522 4343 C.
543 4289 594 4344 367
618 4287 839 4344 haubertum
863 4286 936 4343 dicit
958 4287 1143 4342 Theocritum
