<?xml version="1.0" encoding="UTF-8"?>
<!DOCTYPE html PUBLIC "-//W3C//DTD XHTML 1.0 Transitional//EN"
    "http://www.w3.org/TR/xhtml1/DTD/xhtml1-transitional.dtd">
<html xmlns="http://www.w3.org/1999/xhtml" xml:lang="en" lang="en">
 <head>
  <title>
</title>
<meta http-equiv="Content-Type" content="text/html;charset=utf-8" />
  <meta name='ocr-system' content='tesseract 3.04.00' />
  <meta name='ocr-capabilities' content='ocr_page ocr_carea ocr_par ocr_line ocrx_word'/>
</head>
<body>
  <div class='ocr_page' id='page_1' title='image "./degraccaelingua02ahregoog_0335.png"; bbox 0 0 2746 4818; ppageno 0'>
   <div class='ocr_carea' id='block_1_1' title="bbox 378 361 1161 463">
    <p class='ocr_par' dir='ltr' id='par_1_1' title="bbox 378 361 1161 463">
     <span class='ocr_line' id='line_1_1' title="bbox 378 361 1161 463; baseline 0.006 -26"><span class='ocrx_word' id='word_1_1' title='bbox 378 361 410 452; x_wconf 84' lang='lat'><strong>§.</strong></span> <span class='ocrx_word' id='word_1_2' title='bbox 430 362 495 438; x_wconf 69' lang='lat' dir='ltr'><strong>to.</strong></span> <span class='ocrx_word' id='word_1_3' title='bbox 549 363 607 435; x_wconf 84' lang='lat' dir='ltr'><strong>Do</strong></span> <span class='ocrx_word' id='word_1_4' title='bbox 629 361 747 435; x_wconf 86' lang='lat' dir='ltr'><strong>verbo</strong></span> <span class='ocrx_word' id='word_1_5' title='bbox 771 364 873 463; x_wconf 79' lang='grc' dir='ltr'><strong>εἰμι’.Ι</strong></span> <span class='ocrx_word' id='word_1_6' title='bbox 1083 365 1161 442; x_wconf 80' lang='lat'><strong>327</strong></span> 
     </span>
    </p>
   </div>
   <div class='ocr_carea' id='block_1_2' title="bbox 52 560 1186 2499">
    <p class='ocr_par' dir='ltr' id='par_1_2' title="bbox 52 560 1186 2499">
     <span class='ocr_line' id='line_1_2' title="bbox 62 560 1160 652; baseline 0.009 -28"><span class='ocrx_word' id='word_1_7' title='bbox 62 560 168 626; x_wconf 77' lang='grc' dir='ltr'><strong><em>ἐκατὰτ</em></strong></span> <span class='ocrx_word' id='word_1_8' title='bbox 192 563 345 643; x_wconf 69' lang='grc' dir='ltr'><strong><em>κεφαλαί,</em></strong></span> <span class='ocrx_word' id='word_1_9' title='bbox 369 561 718 652; x_wconf 81' lang='lat' dir='ltr'><strong>adeoEpiebmmeum</strong></span> <span class='ocrx_word' id='word_1_10' title='bbox 741 566 781 630; x_wconf 89' lang='lat' dir='ltr'><strong>ad</strong></span> <span class='ocrx_word' id='word_1_11' title='bbox 803 567 932 632; x_wconf 86' lang='lat' dir='ltr'><strong>sebema</strong></span> <span class='ocrx_word' id='word_1_12' title='bbox 946 566 1160 634; x_wconf 78' lang='lat' dir='ltr'><strong>Pindaricum</strong></span> 
     </span>
     <span class='ocr_line' id='line_1_3' title="bbox 61 659 1157 760; baseline 0.005 -30"><span class='ocrx_word' id='word_1_13' title='bbox 61 666 227 746; x_wconf 76' lang='lat' dir='ltr'><strong>referunt,</strong></span> <span class='ocrx_word' id='word_1_14' title='bbox 249 659 289 740; x_wconf 74' lang='grc' dir='ltr'><strong>τῖι</strong></span> <span class='ocrx_word' id='word_1_15' title='bbox 311 662 435 754; x_wconf 88' lang='lat' dir='ltr'><strong>ubique</strong></span> <span class='ocrx_word' id='word_1_16' title='bbox 459 666 663 731; x_wconf 81' lang='lat' dir='ltr'><strong>substantivo</strong></span> <span class='ocrx_word' id='word_1_17' title='bbox 683 667 804 756; x_wconf 78' lang='lat' dir='ltr'>plurali</span> <span class='ocrx_word' id='word_1_18' title='bbox 826 669 983 760; x_wconf 77' lang='lat' dir='ltr'><strong>praeponi</strong></span> <span class='ocrx_word' id='word_1_19' title='bbox 1000 670 1157 736; x_wconf 87' lang='lat' dir='ltr'><strong>arbitrati.</strong></span> 
     </span>
     <span class='ocr_line' id='line_1_4' title="bbox 61 765 1161 856; baseline 0.006 -26"><span class='ocrx_word' id='word_1_20' title='bbox 61 767 103 830; x_wconf 77' lang='lat' dir='ltr'><strong>At</strong></span> <span class='ocrx_word' id='word_1_21' title='bbox 124 765 337 856; x_wconf 76' lang='lat' dir='ltr'><strong>postponitur</strong></span> <span class='ocrx_word' id='word_1_22' title='bbox 357 765 478 856; x_wconf 88' lang='lat' dir='ltr'><strong>Epiob.</strong></span> <span class='ocrx_word' id='word_1_23' title='bbox 499 769 542 834; x_wconf 82' lang='lat'><strong>82</strong></span> <span class='ocrx_word' id='word_1_24' title='bbox 565 768 690 850; x_wconf 81' lang='grc' dir='ltr'><strong><em>φάσσαι</em></strong></span> <span class='ocrx_word' id='word_1_25' title='bbox 710 793 742 832; x_wconf 77' lang='grc' dir='ltr'><strong>τε</strong></span> <span class='ocrx_word' id='word_1_26' title='bbox 765 775 935 835; x_wconf 81' lang='grc' dir='ltr'><strong><em>τοσσαῦται</em></strong></span> <span class='ocrx_word' id='word_1_27' title='bbox 955 775 1078 854; x_wconf 76' lang='grc' dir='ltr'><strong>παρῆν,</strong></span> <span class='ocrx_word' id='word_1_28' title='bbox 1101 773 1161 838; x_wconf 93' lang='lat' dir='ltr'><strong>ubi</strong></span> 
     </span>
     <span class='ocr_line' id='line_1_5' title="bbox 62 867 1161 958; baseline 0.005 -26"><span class='ocrx_word' id='word_1_29' title='bbox 62 868 204 957; x_wconf 85' lang='lat' dir='ltr'><strong>pessime</strong></span> <span class='ocrx_word' id='word_1_30' title='bbox 227 867 542 958; x_wconf 79' lang='lat' dir='ltr'><strong>Sebweigbiinserus</strong></span> <span class='ocrx_word' id='word_1_31' title='bbox 570 881 602 935; x_wconf 86' lang='lat' dir='ltr'><strong>et</strong></span> <span class='ocrx_word' id='word_1_32' title='bbox 623 869 820 938; x_wconf 84' lang='lat' dir='ltr'><strong>Dindorliua</strong></span> <span class='ocrx_word' id='word_1_33' title='bbox 842 873 915 938; x_wconf 87' lang='lat' dir='ltr'><strong>siue</strong></span> <span class='ocrx_word' id='word_1_34' title='bbox 936 873 1033 940; x_wconf 90' lang='lat' dir='ltr'><strong>libris</strong></span> <span class='ocrx_word' id='word_1_35' title='bbox 1054 877 1161 958; x_wconf 77' lang='grc' dir='ltr'><strong>παρῆς</strong></span> 
     </span>
     <span class='ocr_line' id='line_1_6' title="bbox 61 969 1186 1064; baseline 0.007 -30"><span class='ocrx_word' id='word_1_36' title='bbox 61 969 265 1059; x_wconf 85' lang='lat' dir='ltr'><strong>seripserunt</strong></span> <span class='ocrx_word' id='word_1_37' title='bbox 290 973 342 1046; x_wconf 88' lang='lat' dir='ltr'><strong>(nt</strong></span> <span class='ocrx_word' id='word_1_38' title='bbox 362 995 429 1037; x_wconf 89' lang='lat' dir='ltr'><strong>non</strong></span> <span class='ocrx_word' id='word_1_39' title='bbox 451 973 573 1038; x_wconf 89' lang='lat' dir='ltr'><strong>melius</strong></span> <span class='ocrx_word' id='word_1_40' title='bbox 594 974 637 1038; x_wconf 83' lang='lat' dir='ltr'><strong>fr.</strong></span> <span class='ocrx_word' id='word_1_41' title='bbox 661 975 703 1041; x_wconf 88' lang='grc'><strong>38</strong></span> <span class='ocrx_word' id='word_1_42' title='bbox 723 970 763 1051; x_wconf 78' lang='grc' dir='ltr'><strong>ἧς</strong></span> <span class='ocrx_word' id='word_1_43' title='bbox 793 999 852 1064; x_wconf 91' lang='lat' dir='ltr'><strong>pro</strong></span> <span class='ocrx_word' id='word_1_44' title='bbox 883 976 1004 1064; x_wconf 87' lang='lat' dir='ltr'><strong>plurali</strong></span> <span class='ocrx_word' id='word_1_45' title='bbox 1026 971 1160 1053; x_wconf 75' lang='grc' dir='ltr'><strong><em>ἥσσοσι</em></strong></span> <span class='ocrx_word' id='word_1_46' title='bbox 1183 980 1186 986; x_wconf 90' lang='grc'><strong>’</strong></span> 
     </span>
     <span class='ocr_line' id='line_1_7' title="bbox 59 1072 1158 1166; baseline 0.007 -30"><span class='ocrx_word' id='word_1_47' title='bbox 59 1072 187 1138; x_wconf 83' lang='lat' dir='ltr'><strong>lioenio</strong></span> <span class='ocrx_word' id='word_1_48' title='bbox 210 1073 404 1156; x_wconf 84' lang='lat' dir='ltr'><strong>dederuut),</strong></span> <span class='ocrx_word' id='word_1_49' title='bbox 436 1099 497 1140; x_wconf 84' lang='lat' dir='ltr'><strong>ore</strong></span> <span class='ocrx_word' id='word_1_50' title='bbox 528 1073 595 1142; x_wconf 87' lang='lat' dir='ltr'><strong>nisi</strong></span> <span class='ocrx_word' id='word_1_51' title='bbox 627 1099 704 1141; x_wconf 81' lang='lat' dir='ltr'><strong>essu</strong></span> <span class='ocrx_word' id='word_1_52' title='bbox 728 1078 851 1142; x_wconf 86' lang='lat' dir='ltr'><strong>laetum</strong></span> <span class='ocrx_word' id='word_1_53' title='bbox 880 1100 973 1156; x_wconf 86' lang='lat' dir='ltr'><strong>essa,</strong></span> <span class='ocrx_word' id='word_1_54' title='bbox 1007 1078 1095 1166; x_wconf 93' lang='lat' dir='ltr'><strong>quod</strong></span> <span class='ocrx_word' id='word_1_55' title='bbox 1124 1079 1158 1144; x_wconf 90' lang='lat' dir='ltr'><strong>in</strong></span> 
     </span>
     <span class='ocr_line' id='line_1_8' title="bbox 58 1171 1160 1270; baseline 0.005 -30"><span class='ocrx_word' id='word_1_56' title='bbox 58 1175 199 1264; x_wconf 86' lang='lat' dir='ltr'><strong>reliquis</strong></span> <span class='ocrx_word' id='word_1_57' title='bbox 221 1175 307 1240; x_wconf 89' lang='lat' dir='ltr'><strong>loeis</strong></span> <span class='ocrx_word' id='word_1_58' title='bbox 327 1171 367 1253; x_wconf 76' lang='grc' dir='ltr'><strong>ἧι</strong></span> <span class='ocrx_word' id='word_1_59' title='bbox 386 1178 569 1259; x_wconf 76' lang='lat' dir='ltr'>antecedit,</span> <span class='ocrx_word' id='word_1_60' title='bbox 601 1178 815 1267; x_wconf 82' lang='lat' dir='ltr'><strong>perlustranti</strong></span> <span class='ocrx_word' id='word_1_61' title='bbox 841 1181 961 1270; x_wconf 85' lang='lat' dir='ltr'><strong>euiqua</strong></span> <span class='ocrx_word' id='word_1_62' title='bbox 983 1180 1081 1246; x_wconf 85' lang='lat' dir='ltr'><strong>laeile</strong></span> <span class='ocrx_word' id='word_1_63' title='bbox 1103 1207 1160 1270; x_wconf 87' lang='lat' dir='ltr'><strong>pa-</strong></span> 
     </span>
     <span class='ocr_line' id='line_1_9' title="bbox 57 1278 1159 1370; baseline 0.005 -28"><span class='ocrx_word' id='word_1_64' title='bbox 57 1278 152 1342; x_wconf 84' lang='lat' dir='ltr'><strong>tebit.</strong></span> <span class='ocrx_word' id='word_1_65' title='bbox 196 1278 310 1367; x_wconf 80' lang='lat' dir='ltr'><strong>Atque</strong></span> <span class='ocrx_word' id='word_1_66' title='bbox 338 1303 380 1343; x_wconf 90' lang='lat' dir='ltr'><strong>ue</strong></span> <span class='ocrx_word' id='word_1_67' title='bbox 412 1279 591 1370; x_wconf 74' lang='lat' dir='ltr'><strong>quidquam</strong></span> <span class='ocrx_word' id='word_1_68' title='bbox 620 1280 839 1348; x_wconf 86' lang='lat' dir='ltr'><strong>dubitationis</strong></span> <span class='ocrx_word' id='word_1_69' title='bbox 862 1283 1005 1349; x_wconf 78' lang='lat' dir='ltr'><strong>residest</strong></span> <span class='ocrx_word' id='word_1_70' title='bbox 1028 1284 1068 1348; x_wconf 90' lang='lat' dir='ltr'><strong>de</strong></span> <span class='ocrx_word' id='word_1_71' title='bbox 1089 1283 1159 1348; x_wconf 86' lang='lat' dir='ltr'><strong>Do·</strong></span> 
     </span>
     <span class='ocr_line' id='line_1_10' title="bbox 58 1379 1159 1477; baseline 0.006 -33"><span class='ocrx_word' id='word_1_72' title='bbox 58 1380 126 1445; x_wconf 88' lang='lat' dir='ltr'><strong>rieo</strong></span> <span class='ocrx_word' id='word_1_73' title='bbox 150 1403 233 1464; x_wconf 91' lang='lat' dir='ltr'><strong>usu,</strong></span> <span class='ocrx_word' id='word_1_74' title='bbox 255 1379 331 1445; x_wconf 88' lang='lat' dir='ltr'><strong>vide</strong></span> <span class='ocrx_word' id='word_1_75' title='bbox 352 1403 448 1468; x_wconf 89' lang='lat' dir='ltr'><strong>quarn</strong></span> <span class='ocrx_word' id='word_1_76' title='bbox 470 1394 620 1448; x_wconf 78' lang='lat' dir='ltr'><strong>accurate</strong></span> <span class='ocrx_word' id='word_1_77' title='bbox 641 1382 677 1446; x_wconf 89' lang='lat' dir='ltr'><strong>iu</strong></span> <span class='ocrx_word' id='word_1_78' title='bbox 699 1383 929 1476; x_wconf 80' lang='lat' dir='ltr'><strong>Epieburmris</strong></span> <span class='ocrx_word' id='word_1_79' title='bbox 952 1384 1159 1477; x_wconf 70' lang='lat' dir='ltr'><strong>fragmentis,</strong></span> 
     </span>
     <span class='ocr_line' id='line_1_11' title="bbox 57 1479 1159 1576; baseline 0.006 -30"><span class='ocrx_word' id='word_1_80' title='bbox 57 1483 156 1550; x_wconf 93' lang='lat' dir='ltr'><strong>modo</strong></span> <span class='ocrx_word' id='word_1_81' title='bbox 178 1479 226 1547; x_wconf 80' lang='lat' dir='ltr'><strong>&#39;ne</strong></span> <span class='ocrx_word' id='word_1_82' title='bbox 249 1483 445 1572; x_wconf 85' lang='lat' dir='ltr'><strong>corrigendo</strong></span> <span class='ocrx_word' id='word_1_83' title='bbox 467 1484 673 1572; x_wconf 82' lang='lat' dir='ltr'><strong>depravatis,</strong></span> <span class='ocrx_word' id='word_1_84' title='bbox 705 1482 745 1564; x_wconf 79' lang='grc' dir='ltr'><strong>ἧς</strong></span> <span class='ocrx_word' id='word_1_85' title='bbox 774 1500 807 1552; x_wconf 87' lang='lat' dir='ltr'><strong>et</strong></span> <span class='ocrx_word' id='word_1_86' title='bbox 831 1483 872 1565; x_wconf 75' lang='grc' dir='ltr'><strong>ἦν</strong></span> <span class='ocrx_word' id='word_1_87' title='bbox 901 1486 1159 1576; x_wconf 87' lang='lat' dir='ltr'><strong>distinguantur,</strong></span> 
     </span>
     <span class='ocr_line' id='line_1_12' title="bbox 58 1585 1158 1679; baseline 0.004 -29"><span class='ocrx_word' id='word_1_88' title='bbox 58 1585 149 1652; x_wconf 87' lang='lat' dir='ltr'><strong>illud.</strong></span> <span class='ocrx_word' id='word_1_89' title='bbox 174 1609 249 1650; x_wconf 85' lang='lat' dir='ltr'><strong>eum</strong></span> <span class='ocrx_word' id='word_1_90' title='bbox 284 1585 529 1676; x_wconf 75' lang='lat' dir='ltr'><strong>singularibus,</strong></span> <span class='ocrx_word' id='word_1_91' title='bbox 574 1591 636 1652; x_wconf 88' lang='lat' dir='ltr'><strong>boe</strong></span> <span class='ocrx_word' id='word_1_92' title='bbox 672 1611 747 1652; x_wconf 89' lang='lat' dir='ltr'><strong>eum</strong></span> <span class='ocrx_word' id='word_1_93' title='bbox 779 1589 963 1679; x_wconf 72' lang='lat' dir='ltr'><strong>pluralibus</strong></span> <span class='ocrx_word' id='word_1_94' title='bbox 991 1590 1158 1676; x_wconf 85' lang='lat' dir='ltr'><strong>junctum.</strong></span> 
     </span>
     <span class='ocr_line' id='line_1_13' title="bbox 58 1683 1161 1780; baseline 0.003 -28"><span class='ocrx_word' id='word_1_95' title='bbox 58 1687 264 1762; x_wconf 83' lang='lat' dir='ltr'><strong>llesiodeum</strong></span> <span class='ocrx_word' id='word_1_96' title='bbox 291 1683 331 1766; x_wconf 79' lang='grc' dir='ltr'><strong>ἦν</strong></span> <span class='ocrx_word' id='word_1_97' title='bbox 359 1688 489 1778; x_wconf 78' lang='lat' dir='ltr'><strong>plurale</strong></span> <span class='ocrx_word' id='word_1_98' title='bbox 519 1713 593 1755; x_wconf 89' lang='lat' dir='ltr'><strong>esse</strong></span> <span class='ocrx_word' id='word_1_99' title='bbox 613 1702 742 1780; x_wconf 85' lang='lat' dir='ltr'><strong>praeter</strong></span> <span class='ocrx_word' id='word_1_100' title='bbox 765 1689 976 1756; x_wconf 73' lang='lat' dir='ltr'><strong>Heraclidem</strong></span> <span class='ocrx_word' id='word_1_101' title='bbox 998 1692 1161 1757; x_wconf 80' lang='lat' dir='ltr'><strong>intellexit</strong></span> 
     </span>
     <span class='ocr_line' id='line_1_14' title="bbox 56 1786 1158 1882; baseline 0.004 -28"><span class='ocrx_word' id='word_1_102' title='bbox 56 1789 308 1858; x_wconf 77' lang='lat' dir='ltr'><strong>Cboeroboseas</strong></span> <span class='ocrx_word' id='word_1_103' title='bbox 329 1786 357 1878; x_wconf 78' lang='grc'><strong>6)</strong></span> <span class='ocrx_word' id='word_1_104' title='bbox 389 1802 422 1856; x_wconf 87' lang='lat' dir='ltr'><strong>et</strong></span> <span class='ocrx_word' id='word_1_105' title='bbox 450 1815 557 1882; x_wconf 87' lang='lat' dir='ltr'><strong>nuper</strong></span> <span class='ocrx_word' id='word_1_106' title='bbox 585 1792 811 1880; x_wconf 85' lang='lat' dir='ltr'><strong>Goettlingius</strong></span> <span class='ocrx_word' id='word_1_107' title='bbox 843 1792 884 1858; x_wconf 90' lang='lat' dir='ltr'><strong>ad</strong></span> <span class='ocrx_word' id='word_1_108' title='bbox 915 1791 1046 1882; x_wconf 86' lang='lat' dir='ltr'><strong>Tbeog.</strong></span> <span class='ocrx_word' id='word_1_109' title='bbox 1082 1793 1158 1874; x_wconf 84' lang='lat'><strong>183,</strong></span> 
     </span>
     <span class='ocr_line' id='line_1_15' title="bbox 54 1893 1160 1985; baseline 0.001 -27"><span class='ocrx_word' id='word_1_110' title='bbox 54 1893 110 1958; x_wconf 89' lang='lat' dir='ltr'><strong>bie</strong></span> <span class='ocrx_word' id='word_1_111' title='bbox 141 1893 271 1960; x_wconf 86' lang='lat' dir='ltr'><strong>tertiam</strong></span> <span class='ocrx_word' id='word_1_112' title='bbox 296 1895 459 1983; x_wconf 77' lang='lat' dir='ltr'><strong>pluralem</strong></span> <span class='ocrx_word' id='word_1_113' title='bbox 487 1907 521 1960; x_wconf 91' lang='lat' dir='ltr'><strong>et</strong></span> <span class='ocrx_word' id='word_1_114' title='bbox 542 1896 678 1984; x_wconf 87' lang='lat' dir='ltr'><strong>primam</strong></span> <span class='ocrx_word' id='word_1_115' title='bbox 702 1895 903 1985; x_wconf 75' lang='lat' dir='ltr'><strong>singularem</strong></span> <span class='ocrx_word' id='word_1_116' title='bbox 924 1895 999 1982; x_wconf 83' lang='lat' dir='ltr'><strong>lege</strong></span> <span class='ocrx_word' id='word_1_117' title='bbox 1021 1894 1160 1984; x_wconf 86' lang='lat' dir='ltr'><strong>quadam</strong></span> 
     </span>
     <span class='ocr_line' id='line_1_16' title="bbox 55 1991 1159 2088; baseline 0.003 -29"><span class='ocrx_word' id='word_1_118' title='bbox 55 2019 237 2061; x_wconf 85' lang='lat' dir='ltr'><strong>consonare</strong></span> <span class='ocrx_word' id='word_1_119' title='bbox 267 1997 462 2082; x_wconf 82' lang='lat' dir='ltr'><strong>arbitratus,</strong></span> <span class='ocrx_word' id='word_1_120' title='bbox 495 1997 530 2062; x_wconf 94' lang='lat' dir='ltr'><strong>id</strong></span> <span class='ocrx_word' id='word_1_121' title='bbox 552 1997 642 2088; x_wconf 92' lang='lat' dir='ltr'><strong>qnod</strong></span> <span class='ocrx_word' id='word_1_122' title='bbox 664 1998 699 2062; x_wconf 91' lang='lat' dir='ltr'><strong>in</strong></span> <span class='ocrx_word' id='word_1_123' title='bbox 722 1991 780 2076; x_wconf 75' lang='grc' dir='ltr'><strong>ἧι,</strong></span> <span class='ocrx_word' id='word_1_124' title='bbox 812 1997 914 2081; x_wconf 72' lang='grc' dir='ltr'><strong><em>ἔλεγον</em></strong></span> <span class='ocrx_word' id='word_1_125' title='bbox 935 2020 1015 2063; x_wconf 82' lang='lat' dir='ltr'><strong>casu</strong></span> <span class='ocrx_word' id='word_1_126' title='bbox 1037 1997 1159 2062; x_wconf 81' lang='lat' dir='ltr'><strong>laetum</strong></span> 
     </span>
     <span class='ocr_line' id='line_1_17' title="bbox 54 2095 1160 2190; baseline -0.001 -27"><span class='ocrx_word' id='word_1_127' title='bbox 54 2109 118 2164; x_wconf 89' lang='lat' dir='ltr'><strong>est.</strong></span> <span class='ocrx_word' id='word_1_128' title='bbox 164 2097 235 2165; x_wconf 87' lang='lat' dir='ltr'><strong>Nee</strong></span> <span class='ocrx_word' id='word_1_129' title='bbox 257 2098 466 2183; x_wconf 84' lang='lat' dir='ltr'><strong>dubitamus,</strong></span> <span class='ocrx_word' id='word_1_130' title='bbox 501 2100 582 2189; x_wconf 91' lang='lat' dir='ltr'><strong>quin</strong></span> <span class='ocrx_word' id='word_1_131' title='bbox 611 2100 646 2166; x_wconf 93' lang='lat' dir='ltr'><strong>in</strong></span> <span class='ocrx_word' id='word_1_132' title='bbox 678 2102 931 2190; x_wconf 78' lang='lat' dir='ltr'><strong>epigrammate,</strong></span> <span class='ocrx_word' id='word_1_133' title='bbox 966 2099 1056 2188; x_wconf 91' lang='lat' dir='ltr'><strong>quod</strong></span> <span class='ocrx_word' id='word_1_134' title='bbox 1075 2095 1160 2164; x_wconf 83' lang='lat' dir='ltr'><strong>blat-</strong></span> 
     </span>
     <span class='ocr_line' id='line_1_18' title="bbox 55 2197 1160 2291; baseline 0.001 -26"><span class='ocrx_word' id='word_1_135' title='bbox 55 2202 143 2266; x_wconf 87' lang='lat' dir='ltr'><strong>tbiao</strong></span> <span class='ocrx_word' id='word_1_136' title='bbox 165 2201 276 2282; x_wconf 79' lang='lat' dir='ltr'><strong>affert,</strong></span> <span class='ocrx_word' id='word_1_137' title='bbox 309 2197 348 2280; x_wconf 77' lang='grc' dir='ltr'><strong>ἦν</strong></span> <span class='ocrx_word' id='word_1_138' title='bbox 371 2201 433 2285; x_wconf 75' lang='grc' dir='ltr'><strong>ἄρα</strong></span> <span class='ocrx_word' id='word_1_139' title='bbox 457 2201 597 2267; x_wconf 75' lang='grc' dir='ltr'><strong><em>κάκεῖνοι</em></strong></span> <span class='ocrx_word' id='word_1_140' title='bbox 618 2202 826 2288; x_wconf 80' lang='grc' dir='ltr'><strong><em>ταλακάρδιοι</em></strong></span> <span class='ocrx_word' id='word_1_141' title='bbox 847 2203 933 2272; x_wconf 85' lang='lat' dir='ltr'><strong>idem</strong></span> <span class='ocrx_word' id='word_1_142' title='bbox 957 2223 1037 2271; x_wconf 78' lang='lat' dir='ltr'><strong>urus</strong></span> <span class='ocrx_word' id='word_1_143' title='bbox 1059 2225 1160 2291; x_wconf 87' lang='lat' dir='ltr'><strong>agno·</strong></span> 
     </span>
     <span class='ocr_line' id='line_1_19' title="bbox 55 2303 1159 2396; baseline -0.002 -27"><span class='ocrx_word' id='word_1_144' title='bbox 55 2303 204 2370; x_wconf 82' lang='lat' dir='ltr'><strong>arandus</strong></span> <span class='ocrx_word' id='word_1_145' title='bbox 235 2304 290 2369; x_wconf 87' lang='lat' dir='ltr'><strong>sit.</strong></span> <span class='ocrx_word' id='word_1_146' title='bbox 341 2306 425 2371; x_wconf 83' lang='lat' dir='ltr'><strong>Plus</strong></span> <span class='ocrx_word' id='word_1_147' title='bbox 456 2305 672 2371; x_wconf 88' lang='lat' dir='ltr'><strong>dubitationis</strong></span> <span class='ocrx_word' id='word_1_148' title='bbox 695 2307 801 2372; x_wconf 89' lang='lat' dir='ltr'><strong>estin</strong></span> <span class='ocrx_word' id='word_1_149' title='bbox 822 2304 1041 2396; x_wconf 83' lang='lat' dir='ltr'><strong>Tragieorum</strong></span> <span class='ocrx_word' id='word_1_150' title='bbox 1061 2303 1159 2390; x_wconf 84' lang='lat' dir='ltr'><strong>loeis,</strong></span> 
     </span>
     <span class='ocr_line' id='line_1_20' title="bbox 52 2407 755 2499; baseline 0.001 -27"><span class='ocrx_word' id='word_1_151' title='bbox 52 2408 94 2473; x_wconf 91' lang='lat' dir='ltr'><strong>de</strong></span> <span class='ocrx_word' id='word_1_152' title='bbox 119 2407 242 2498; x_wconf 87' lang='lat' dir='ltr'><strong>quibus</strong></span> <span class='ocrx_word' id='word_1_153' title='bbox 263 2431 352 2474; x_wconf 87' lang='lat' dir='ltr'><strong>nune</strong></span> <span class='ocrx_word' id='word_1_154' title='bbox 374 2408 541 2499; x_wconf 87' lang='lat' dir='ltr'><strong>disputare</strong></span> <span class='ocrx_word' id='word_1_155' title='bbox 564 2431 630 2472; x_wconf 91' lang='lat' dir='ltr'><strong>non</strong></span> <span class='ocrx_word' id='word_1_156' title='bbox 653 2420 755 2473; x_wconf 78' lang='lat' dir='ltr'><strong>vacat.</strong></span> 
     </span>
    </p>
   </div>
   <div class='ocr_carea' id='block_1_3' title="bbox 47 2533 1159 2913">
    <p class='ocr_par' dir='ltr' id='par_1_3' title="bbox 47 2533 1159 2913">
     <span class='ocr_line' id='line_1_21' title="bbox 142 2533 1158 2627; baseline 0 -27"><span class='ocrx_word' id='word_1_157' title='bbox 142 2533 295 2625; x_wconf 89' lang='lat' dir='ltr'><strong>Longior</strong></span> <span class='ocrx_word' id='word_1_158' title='bbox 324 2535 428 2624; x_wconf 78' lang='lat' dir='ltr'><strong>forma</strong></span> <span class='ocrx_word' id='word_1_159' title='bbox 456 2537 558 2603; x_wconf 88' lang='lat' dir='ltr'><strong>semel</strong></span> <span class='ocrx_word' id='word_1_160' title='bbox 582 2539 616 2601; x_wconf 90' lang='lat' dir='ltr'><strong>iu</strong></span> <span class='ocrx_word' id='word_1_161' title='bbox 638 2535 829 2627; x_wconf 91' lang='lat' dir='ltr'><strong>purioribus</strong></span> <span class='ocrx_word' id='word_1_162' title='bbox 852 2535 999 2602; x_wconf 80' lang='lat' dir='ltr'><strong>lontibus</strong></span> <span class='ocrx_word' id='word_1_163' title='bbox 1020 2535 1158 2624; x_wconf 87' lang='lat' dir='ltr'><strong>legitur,</strong></span> 
     </span>
     <span class='ocr_line' id='line_1_22' title="bbox 52 2629 1159 2730; baseline -0.003 -26"><span class='ocrx_word' id='word_1_164' title='bbox 52 2639 180 2730; x_wconf 88' lang='lat' dir='ltr'><strong>Epieb.</strong></span> <span class='ocrx_word' id='word_1_165' title='bbox 203 2640 247 2706; x_wconf 80' lang='lat'><strong>94</strong></span> <span class='ocrx_word' id='word_1_166' title='bbox 267 2644 417 2720; x_wconf 79' lang='grc' dir='ltr'><strong>παρῆσαν</strong></span> <span class='ocrx_word' id='word_1_167' title='bbox 436 2639 623 2725; x_wconf 74' lang='grc' dir='ltr'><strong>χύπέλιπον,</strong></span> <span class='ocrx_word' id='word_1_168' title='bbox 656 2637 734 2723; x_wconf 93' lang='lat' dir='ltr'><strong>ubi,</strong></span> <span class='ocrx_word' id='word_1_169' title='bbox 765 2629 855 2730; x_wconf 92' lang='lat' dir='ltr'><strong>qnod</strong></span> <span class='ocrx_word' id='word_1_170' title='bbox 874 2637 967 2704; x_wconf 81' lang='lat' dir='ltr'><strong>facili</strong></span> <span class='ocrx_word' id='word_1_171' title='bbox 989 2661 1086 2727; x_wconf 89' lang='lat' dir='ltr'><strong>opera</strong></span> <span class='ocrx_word' id='word_1_172' title='bbox 1109 2661 1159 2702; x_wconf 89' lang='lat' dir='ltr'><strong>re-</strong></span> 
     </span>
     <span class='ocr_line' id='line_1_23' title="bbox 52 2737 1159 2830; baseline -0.005 -22"><span class='ocrx_word' id='word_1_173' title='bbox 52 2743 150 2808; x_wconf 89' lang='lat' dir='ltr'><strong>stitui</strong></span> <span class='ocrx_word' id='word_1_174' title='bbox 180 2751 305 2830; x_wconf 88' lang='lat' dir='ltr'><strong>potest,</strong></span> <span class='ocrx_word' id='word_1_175' title='bbox 339 2746 442 2825; x_wconf 75' lang='grc' dir='ltr'><strong>παρῆν</strong></span> <span class='ocrx_word' id='word_1_176' title='bbox 472 2767 504 2806; x_wconf 79' lang='grc' dir='ltr'><strong>τε</strong></span> <span class='ocrx_word' id='word_1_177' title='bbox 536 2739 723 2827; x_wconf 71' lang='grc' dir='ltr'><strong>χύπέλιπον,</strong></span> <span class='ocrx_word' id='word_1_178' title='bbox 757 2739 981 2810; x_wconf 79' lang='lat' dir='ltr'><strong>necessarium</strong></span> <span class='ocrx_word' id='word_1_179' title='bbox 1007 2737 1159 2826; x_wconf 84' lang='lat' dir='ltr'><strong>judicare</strong></span> 
     </span>
     <span class='ocr_line' id='line_1_24' title="bbox 47 2844 315 2913; baseline -0.007 -3"><span class='ocrx_word' id='word_1_180' title='bbox 47 2869 121 2913; x_wconf 87' lang='lat' dir='ltr'><strong>nou</strong></span> <span class='ocrx_word' id='word_1_181' title='bbox 145 2844 315 2910; x_wconf 85' lang='lat' dir='ltr'><strong>audemus.</strong></span> 
     </span>
    </p>
   </div>
   <div class='ocr_carea' id='block_1_4' title="bbox 41 2971 1161 3578">
    <p class='ocr_par' dir='ltr' id='par_1_4' title="bbox 207 2971 479 3038">
     <span class='ocr_line' id='line_1_25' title="bbox 207 2971 479 3038; baseline -0.004 -2"><span class='ocrx_word' id='word_1_182' title='bbox 207 2971 421 3038; x_wconf 82' lang='lat' dir='ltr'><strong>Futurum.</strong></span> <span class='ocrx_word' id='word_1_183' title='bbox 475 3003 479 3012; x_wconf 92' lang='lat'>·</span> 
     </span>
    </p>

    <p class='ocr_par' dir='ltr' id='par_1_5' title="bbox 41 3071 1161 3578">
     <span class='ocr_line' id='line_1_26' title="bbox 140 3071 1160 3164; baseline -0.004 -24"><span class='ocrx_word' id='word_1_184' title='bbox 140 3072 259 3164; x_wconf 81' lang='lat' dir='ltr'><strong>Sing.</strong></span> <span class='ocrx_word' id='word_1_185' title='bbox 282 3075 314 3142; x_wconf 86' lang='lat'><strong>3.</strong></span> <span class='ocrx_word' id='word_1_186' title='bbox 359 3074 565 3152; x_wconf 72' lang='grc' dir='ltr'><strong><em>ἐσσεῖται,</em></strong></span> <span class='ocrx_word' id='word_1_187' title='bbox 601 3073 691 3162; x_wconf 89' lang='lat' dir='ltr'><strong>quod</strong></span> <span class='ocrx_word' id='word_1_188' title='bbox 714 3095 811 3162; x_wconf 86' lang='lat' dir='ltr'><strong>saepe</strong></span> <span class='ocrx_word' id='word_1_189' title='bbox 832 3072 992 3138; x_wconf 81' lang='lat' dir='ltr'><strong>Doricum</strong></span> <span class='ocrx_word' id='word_1_190' title='bbox 1014 3097 1088 3140; x_wconf 85' lang='lat' dir='ltr'><strong>esse</strong></span> <span class='ocrx_word' id='word_1_191' title='bbox 1111 3071 1160 3136; x_wconf 87' lang='lat' dir='ltr'><strong>di·</strong></span> 
     </span>
     <span class='ocr_line' id='line_1_27' title="bbox 45 3165 1157 3263; baseline -0.006 -18"><span class='ocrx_word' id='word_1_192' title='bbox 45 3179 145 3245; x_wconf 86' lang='lat' dir='ltr'><strong>citur</strong></span> <span class='ocrx_word' id='word_1_193' title='bbox 166 3175 235 3242; x_wconf 84' lang='lat' dir='ltr'><strong>vid.</strong></span> <span class='ocrx_word' id='word_1_194' title='bbox 258 3177 290 3260; x_wconf 64' lang='grc' dir='ltr'><strong>ἕ.</strong></span> <span class='ocrx_word' id='word_1_195' title='bbox 310 3177 356 3248; x_wconf 85' lang='grc'><strong>,35</strong></span> <span class='ocrx_word' id='word_1_196' title='bbox 380 3185 449 3241; x_wconf 84' lang='lat' dir='ltr'><strong>not.</strong></span> <span class='ocrx_word' id='word_1_197' title='bbox 474 3177 514 3257; x_wconf 85' lang='lat'><strong>3,</strong></span> <span class='ocrx_word' id='word_1_198' title='bbox 549 3165 689 3240; x_wconf 88' lang='lat' dir='ltr'><strong>mitioris</strong></span> <span class='ocrx_word' id='word_1_199' title='bbox 711 3174 851 3240; x_wconf 87' lang='lat' dir='ltr'><strong>Doridis</strong></span> <span class='ocrx_word' id='word_1_200' title='bbox 874 3187 944 3258; x_wconf 84' lang='lat' dir='ltr'><strong>est,</strong></span> <span class='ocrx_word' id='word_1_201' title='bbox 978 3187 1014 3240; x_wconf 90' lang='lat' dir='ltr'><strong>ut</strong></span> <span class='ocrx_word' id='word_1_202' title='bbox 1036 3173 1157 3263; x_wconf 85' lang='lat' dir='ltr'><strong>Epieb.</strong></span> 
     </span>
     <span class='ocr_line' id='line_1_28' title="bbox 44 3271 1159 3368; baseline -0.011 -17"><span class='ocrx_word' id='word_1_203' title='bbox 44 3282 92 3350; x_wconf 85' lang='lat'><strong>98</strong></span> <span class='ocrx_word' id='word_1_204' title='bbox 117 3289 157 3345; x_wconf 83' lang='lat' dir='ltr'><strong>et</strong></span> <span class='ocrx_word' id='word_1_205' title='bbox 178 3303 276 3368; x_wconf 84' lang='lat' dir='ltr'><strong>saepe</strong></span> <span class='ocrx_word' id='word_1_206' title='bbox 296 3271 385 3368; x_wconf 83' lang='lat' dir='ltr'><strong>¹apud</strong></span> <span class='ocrx_word' id='word_1_207' title='bbox 406 3279 661 3363; x_wconf 70' lang='lat' dir='ltr'><strong>Archimedem,</strong></span> <span class='ocrx_word' id='word_1_208' title='bbox 690 3289 802 3344; x_wconf 84' lang='lat' dir='ltr'><strong>eontra</strong></span> <span class='ocrx_word' id='word_1_209' title='bbox 825 3279 995 3354; x_wconf 76' lang='grc' dir='ltr'><strong><em>ἐσσῆται</em></strong></span> <span class='ocrx_word' id='word_1_210' title='bbox 1017 3275 1159 3340; x_wconf 82' lang='lat' dir='ltr'><strong>severio-</strong></span> 
     </span>
     <span class='ocr_line' id='line_1_29' title="bbox 41 3375 1161 3464; baseline -0.01 -14"><span class='ocrx_word' id='word_1_211' title='bbox 41 3386 98 3450; x_wconf 85' lang='lat' dir='ltr'><strong>ris</strong></span> <span class='ocrx_word' id='word_1_212' title='bbox 139 3382 176 3446; x_wconf 92' lang='lat' dir='ltr'><strong>in</strong></span> <span class='ocrx_word' id='word_1_213' title='bbox 206 3381 338 3446; x_wconf 84' lang='lat' dir='ltr'><strong>Herael.</strong></span> <span class='ocrx_word' id='word_1_214' title='bbox 376 3380 446 3448; x_wconf 82' lang='lat' dir='ltr'><strong>vid.</strong></span> <span class='ocrx_word' id='word_1_215' title='bbox 480 3379 509 3462; x_wconf 66' lang='grc' dir='ltr'><strong>ἓ.</strong></span> <span class='ocrx_word' id='word_1_216' title='bbox 534 3377 597 3464; x_wconf 71' lang='grc'><strong>25,</strong></span> <span class='ocrx_word' id='word_1_217' title='bbox 622 3383 653 3446; x_wconf 88' lang='grc'><strong>1.</strong></span> <span class='ocrx_word' id='word_1_218' title='bbox 708 3380 776 3445; x_wconf 86' lang='lat' dir='ltr'><strong>Vix</strong></span> <span class='ocrx_word' id='word_1_219' title='bbox 804 3377 965 3444; x_wconf 82' lang='lat' dir='ltr'><strong>Doricum</strong></span> <span class='ocrx_word' id='word_1_220' title='bbox 997 3389 1048 3443; x_wconf 83' lang='lat' dir='ltr'><strong>est</strong></span> <span class='ocrx_word' id='word_1_221' title='bbox 1072 3375 1161 3440; x_wconf 83' lang='grc' dir='ltr'><strong><em>ἔσται</em></strong></span> 
     </span>
     <span class='ocr_line' id='line_1_30' title="bbox 43 3480 888 3578; baseline -0.011 -25"><span class='ocrx_word' id='word_1_222' title='bbox 43 3487 207 3553; x_wconf 80' lang='lat' dir='ltr'><strong>Acbarn.</strong></span> <span class='ocrx_word' id='word_1_223' title='bbox 226 3485 290 3550; x_wconf 81' lang='grc'><strong>758</strong></span> <span class='ocrx_word' id='word_1_224' title='bbox 313 3495 345 3548; x_wconf 82' lang='lat' dir='ltr'><strong>et</strong></span> <span class='ocrx_word' id='word_1_225' title='bbox 371 3481 513 3548; x_wconf 84' lang='lat' dir='ltr'><strong>subinde</strong></span> <span class='ocrx_word' id='word_1_226' title='bbox 535 3484 623 3578; x_wconf 91' lang='lat' dir='ltr'><strong>apud</strong></span> <span class='ocrx_word' id='word_1_227' title='bbox 642 3480 888 3547; x_wconf 79' lang='lat' dir='ltr'><strong>Archimedem.</strong></span> 
     </span>
    </p>
   </div>
   <div class='ocr_carea' id='block_1_5' title="bbox 143 3578 1160 3671">
    <p class='ocr_par' dir='ltr' id='par_1_6' title="bbox 143 3578 1160 3671">
     <span class='ocr_line' id='line_1_31' title="bbox 143 3578 1160 3671; baseline -0.007 -21"><span class='ocrx_word' id='word_1_228' title='bbox 143 3587 259 3651; x_wconf 88' lang='lat' dir='ltr'><strong>Plur.</strong></span> <span class='ocrx_word' id='word_1_229' title='bbox 284 3587 316 3652; x_wconf 86' lang='lat'><strong>3.</strong></span> <span class='ocrx_word' id='word_1_230' title='bbox 362 3587 586 3650; x_wconf 74' lang='grc' dir='ltr'><strong><em>ἑσσοῦνται</em></strong></span> <span class='ocrx_word' id='word_1_231' title='bbox 608 3583 750 3648; x_wconf 89' lang='lat' dir='ltr'><strong>mitioris</strong></span> <span class='ocrx_word' id='word_1_232' title='bbox 773 3583 911 3649; x_wconf 90' lang='lat' dir='ltr'><strong>Doridis</strong></span> <span class='ocrx_word' id='word_1_233' title='bbox 933 3580 1018 3671; x_wconf 88' lang='lat' dir='ltr'><strong>apud</strong></span> <span class='ocrx_word' id='word_1_234' title='bbox 1040 3578 1160 3644; x_wconf 80' lang='lat' dir='ltr'><strong>Arubi-</strong></span> 
     </span>
    </p>
   </div>
   <div class='ocr_carea' id='block_1_6' title="bbox 38 3686 1245 3878">
    <p class='ocr_par' dir='ltr' id='par_1_7' title="bbox 38 3686 1245 3878">
     <span class='ocr_line' id='line_1_32' title="bbox 38 3686 875 3774; baseline -0.011 -15"><span class='ocrx_word' id='word_1_235' title='bbox 38 3691 209 3774; x_wconf 71' lang='lat' dir='ltr'><strong>medem,</strong></span> <span class='ocrx_word' id='word_1_236' title='bbox 232 3687 428 3754; x_wconf 76' lang='grc' dir='ltr'><strong><em>ἐσσόιται</em></strong></span> <span class='ocrx_word' id='word_1_237' title='bbox 450 3687 584 3753; x_wconf 84' lang='lat' dir='ltr'><strong>Horael.</strong></span> <span class='ocrx_word' id='word_1_238' title='bbox 610 3687 677 3753; x_wconf 85' lang='lat' dir='ltr'><strong>vid.</strong></span> <span class='ocrx_word' id='word_1_239' title='bbox 701 3687 732 3768; x_wconf 61' lang='grc' dir='ltr'><strong>ᾗ.</strong></span> <span class='ocrx_word' id='word_1_240' title='bbox 757 3687 820 3767; x_wconf 76' lang='lat'><strong>26,</strong></span> <span class='ocrx_word' id='word_1_241' title='bbox 842 3686 875 3752; x_wconf 81' lang='lat'><strong>2.</strong></span> 
     </span>
     <span class='ocr_line' id='line_1_33' title="bbox 143 3784 1245 3878; baseline -0.006 -22"><span class='ocrx_word' id='word_1_242' title='bbox 143 3791 318 3858; x_wconf 83' lang='lat' dir='ltr'><strong>lnfinit.</strong></span> <span class='ocrx_word' id='word_1_243' title='bbox 342 3792 563 3855; x_wconf 76' lang='grc' dir='ltr'><strong><em>ἐσστῒσθαι</em></strong></span> <span class='ocrx_word' id='word_1_244' title='bbox 584 3788 704 3878; x_wconf 87' lang='lat' dir='ltr'><strong>Soplrr.</strong></span> <span class='ocrx_word' id='word_1_245' title='bbox 720 3788 774 3853; x_wconf 81' lang='lat'><strong>23.</strong></span> <span class='ocrx_word' id='word_1_246' title='bbox 820 3785 971 3852; x_wconf 78' lang='lat' dir='ltr'><strong>Arabim.</strong></span> <span class='ocrx_word' id='word_1_247' title='bbox 995 3784 1157 3852; x_wconf 82' lang='lat' dir='ltr'><strong>dellelic.</strong></span> <span class='ocrx_word' id='word_1_248' title='bbox 1243 3815 1245 3820; x_wconf 62' lang='grc'>’</span> 
     </span>
    </p>
   </div>
   <div class='ocr_carea' id='block_1_7' title="bbox 33 3891 512 3990">
    <p class='ocr_par' dir='ltr' id='par_1_8' title="bbox 33 3891 512 3990">
     <span class='ocr_line' id='line_1_34' title="bbox 33 3891 512 3990; baseline -0.021 -23"><span class='ocrx_word' id='word_1_249' title='bbox 33 3926 73 3990; x_wconf 89' lang='lat' dir='ltr'><strong>p.</strong></span> <span class='ocrx_word' id='word_1_250' title='bbox 105 3894 180 3965; x_wconf 79' lang='lat'><strong>220</strong></span> <span class='ocrx_word' id='word_1_251' title='bbox 199 3893 341 3963; x_wconf 87' lang='lat' dir='ltr'><strong>mitioris</strong></span> <span class='ocrx_word' id='word_1_252' title='bbox 361 3891 512 3959; x_wconf 64' lang='lat' dir='ltr'><strong>Doridisr</strong></span> 
     </span>
    </p>
   </div>
   <div class='ocr_carea' id='block_1_8' title="bbox 26 4155 1162 4336">
    <p class='ocr_par' dir='ltr' id='par_1_9' title="bbox 26 4155 1162 4336">
     <span class='ocr_line' id='line_1_35' title="bbox 71 4155 1162 4240; baseline -0.007 -14"><span class='ocrx_word' id='word_1_253' title='bbox 71 4180 113 4240; x_wconf 77' lang='lat' dir='ltr'><strong>e)</strong></span> <span class='ocrx_word' id='word_1_254' title='bbox 154 4169 297 4226; x_wconf 67' lang='lat' dir='ltr'><strong>cronos.</strong></span> <span class='ocrx_word' id='word_1_255' title='bbox 316 4170 344 4223; x_wconf 79' lang='lat' dir='ltr'><strong>n</strong></span> <span class='ocrx_word' id='word_1_256' title='bbox 363 4170 474 4225; x_wconf 78' lang='lat' dir='ltr'><strong>Theon.</strong></span> <span class='ocrx_word' id='word_1_257' title='bbox 495 4171 563 4236; x_wconf 72' lang='lat' dir='ltr'><strong>oso,</strong></span> <span class='ocrx_word' id='word_1_258' title='bbox 582 4173 608 4222; x_wconf 80' lang='grc' dir='ltr'><strong>ι.</strong></span> <span class='ocrx_word' id='word_1_259' title='bbox 644 4171 691 4237; x_wconf 71' lang='grc' dir='ltr'><strong>τῆς</strong></span> <span class='ocrx_word' id='word_1_260' title='bbox 715 4165 742 4220; x_wconf 82' lang='grc' dir='ltr'><strong>ο·</strong></span> <span class='ocrx_word' id='word_1_261' title='bbox 771 4155 803 4235; x_wconf 68' lang='grc' dir='ltr'><strong>ἧι</strong></span> <span class='ocrx_word' id='word_1_262' title='bbox 820 4169 889 4238; x_wconf 67' lang='grc' dir='ltr'><strong>ιρις</strong></span> <span class='ocrx_word' id='word_1_263' title='bbox 907 4165 1017 4226; x_wconf 57' lang='lat' dir='ltr'><strong>„roano</strong></span> <span class='ocrx_word' id='word_1_264' title='bbox 1035 4163 1095 4217; x_wconf 69' lang='lat' dir='ltr'><strong>ant</strong></span> <span class='ocrx_word' id='word_1_265' title='bbox 1113 4171 1162 4218; x_wconf 70' lang='grc' dir='ltr'><strong>ω’</strong></span> 
     </span>
     <span class='ocr_line' id='line_1_36' title="bbox 26 4242 1160 4336; baseline -0.005 -25"><span class='ocrx_word' id='word_1_266' title='bbox 26 4257 131 4336; x_wconf 65' lang='grc' dir='ltr'><strong>ἦσαν·</strong></span> <span class='ocrx_word' id='word_1_267' title='bbox 160 4262 216 4311; x_wconf 68' lang='grc' dir='ltr'><strong><em>ἔστι</em></strong></span> <span class='ocrx_word' id='word_1_268' title='bbox 238 4255 291 4330; x_wconf 69' lang='grc' dir='ltr'><strong>γὰρ</strong></span> <span class='ocrx_word' id='word_1_269' title='bbox 318 4248 395 4327; x_wconf 75' lang='grc' dir='ltr'><strong><em>ἦμεν,</em></strong></span> <span class='ocrx_word' id='word_1_270' title='bbox 421 4249 484 4327; x_wconf 72' lang='grc' dir='ltr'><strong>ἧσο,</strong></span> <span class='ocrx_word' id='word_1_271' title='bbox 511 4247 578 4328; x_wconf 68' lang='grc' dir='ltr'><strong>ἦσαν</strong></span> <span class='ocrx_word' id='word_1_272' title='bbox 596 4258 640 4309; x_wconf 80' lang='grc' dir='ltr'><strong>καὶ</strong></span> <span class='ocrx_word' id='word_1_273' title='bbox 657 4257 756 4322; x_wconf 66' lang='grc' dir='ltr'><strong>γίνεται</strong></span> <span class='ocrx_word' id='word_1_274' title='bbox 774 4251 850 4327; x_wconf 73' lang='grc' dir='ltr'><strong>παρὰ</strong></span> <span class='ocrx_word' id='word_1_275' title='bbox 869 4257 923 4311; x_wconf 74' lang='grc' dir='ltr'><strong><em>τοῖς</em></strong></span> <span class='ocrx_word' id='word_1_276' title='bbox 942 4257 1063 4321; x_wconf 77' lang='grc' dir='ltr'><strong>ποιηταῖς</strong></span> <span class='ocrx_word' id='word_1_277' title='bbox 1080 4242 1112 4323; x_wconf 71' lang='grc' dir='ltr'><strong>ἢν</strong></span> <span class='ocrx_word' id='word_1_278' title='bbox 1129 4251 1160 4306; x_wconf 78' lang='grc' dir='ltr'><strong>τὸ</strong></span> 
     </span>
    </p>
   </div>
   <div class='ocr_carea' id='block_1_9' title="bbox 0 0 1378 4818">
    <p class='ocr_par' dir='ltr' id='par_1_10' title="bbox 0 0 1378 4818">
     <span class='ocr_line' id='line_1_37' title="bbox 0 0 1378 4818; baseline 0 4"><span class='ocrx_word' id='word_1_279' title='bbox 0 0 1378 4818; x_wconf 95' lang='lat' dir='ltr'><strong> </strong></span> 
     </span>
    </p>
   </div>
  </div>
 </body>
</html>
