2712 4818
1046 393 1140 437 ‚Vll

79 576 148 649 bun
170 586 330 651 nostrum
360 571 517 650 Graecae
542 573 598 648 illi
631 577 793 650 societati
829 573 1049 647 clarissimae
1075 574 1137 646 ad·

78 682 274 777 emptorum,
335 681 399 778 qui
435 705 492 754 me
529 677 708 777 hospitem
745 677 934 750 admittere
969 699 1043 748 non
1076 676 1137 749 de·
1167 707 1171 716 ·

77 780 179 878 dignati
203 781 388 856 doctrinae
415 781 594 882 elegantia
625 791 662 853 et
693 807 832 853 morum
859 777 1060 852 urbanitate
1087 781 1138 852 ita

76 895 228 980 oeperunt,
267 897 312 957 ut
338 888 444 958 boras
470 881 649 958 cumillis
676 892 838 981 peractas
864 885 961 956 inter
982 881 1136 954 laetissi-

76 989 230 1062 nestitae
255 986 431 1084 habeam3
481 986 639 1086 denique
666 987 847 1076 omnium,
896 986 960 1085 qui
987 984 1026 1057 id
1051 985 1137 1058 effe·

76 1100 184 1181 cerunt,
210 1101 251 1161 ut
277 1088 406 1162 mutila
433 1089 579 1182 dextra,
608 1113 717 1187 quem
744 1089 893 1160 unicum
918 1091 1137 1161 tenotomiae

75 1189 192 1264 irratam
223 1191 383 1286 abstuli,
430 1193 570 1266 itineris
606 1189 852 1264 Berolinensis
886 1188 1049 1290 quotidie
1079 1190 1135 1262 lu·

73 1289 240 1368 beatissime
268 1295 477 1369 admonear.
505 1339 506 1344 κ

143 1397 253 1498 Aegre
282 1425 340 1470 me
366 1422 497 1472 revoco
524 1397 570 1470 ad
592 1423 705 1496 panea
731 1395 775 1469 de
796 1421 905 1495 opere
927 1421 1006 1471 meo
1032 1422 1134 1496 prae·

75 1494 158 1571 tenda.
225 1503 373 1574 Primus
389 1500 494 1574 liber
522 1499 718 1574 benevolos
741 1497 886 1596 judiees
913 1511 1039 1573 nactus
1063 1510 1132 1592 est,
1188 1529 1189 1536 ¹

75 1597 349 1677 Sebneidewinum
376 1629 495 1677 meum
521 1605 561 1675 in
584 1600 891 1701 Ephemeridibns
916 1601 1134 1702 Gottingen-

77 1699 343 1777 1111311840
383 1733 440 1798 nr.
464 1701 542 1776 152
581 1716 618 1778 et
654 1705 825 1776 li....
868 1704 1049 1805 quendam
1095 1706 1134 1776 in

81 1800 335 1898 lpbemeridibus
362 1807 628 1880 Darmstadinis
661 1807 887 1905 antiquitatis
922 1805 1044 1880 studio
1079 1805 1132 1877 di·

80 1907 132 1976 atis
146 1937 176 1981 a.
190 1905 378 2002 1841111.
393 1905 487 1982 145.
502 1905 597 1980 146.
652 1908 818 2003 Quorum
840 1922 996 2008 uterque
1019 1935 1132 2009 quum

75 2029 174 2101 operam
199 2024 362 2087 nostram
395 2015 443 2086 ita
474 2009 703 2110 probaverit,
750 2020 789 2083 ut
821 2013 860 2083 in
892 2013 1018 2110 paneis
1051 2013 1132 2110 qui·

73 2106 180 2187 busdam
205 2115 413 2188 dissensum
444 2112 701 2214 significarit,'
726 2115 764 2184 in
794 2112 1061 2187 Additamentis
1088 2112 1133 2185 ad
1247 2123 1251 2208 J

70 2207 180 2288 Librum
205 2220 372 2290 Primum
400 2216 486 2290 huie
518 2212 613 2290 libro
639 2213 812 2314 adjectis,
867 2215 1132 2308 admonitiones

71 2335 176 2410 eornm,
221 2330 405 2420 quatenus
432 2321 553 2418 operis
579 2319 694 2392 nostri
726 2320 818 2393 ratio
846 2318 1028 2418 postulare
1054 2320 1131 2391 visa

69 2426 120 2508 est,
155 2447 222 2495 non
250 2419 494 2520 negleximus.
571 2421 692 2493 Unum
716 2431 790 2512 est,
831 2421 930 2522 quod
956 2419 1025 2494 boo
1051 2419 1131 2494 loeo

69 2523 382 2598 commemorandum
410 2523 590 2598 ducimus.
669 2522 850 2596 Omnibus
876 2525 972 2597 enim
999 2525 1045 2596 iis
1068 2549 1130 2621 pa·

68 2625 240 2721 ragrapbis‚
289 2653 382 2726 quae
407 2626 467 2698 vel
492 2625 719 2727 singularum
746 2624 980 2699 dialectorum
1008 2624 1130 2712 Aeoli·
1165 2711 1166 2714 Ἴ

68 2743 155 2796 aarum
187 2728 348 2802 indolem
383 2728 595 2802 describunt
625 2727 684 2801 vel
710 2753 835 2802 omnes
866 2739 940 2801 tres
966 2729 1005 2800 in
1032 2753 1129 2802 oom-

66 2830 247 2913 parationem
287 2841 438 2922 vocant,
488 2827 526 2932 g.
552 2826 618 2902 51.
644 2825 713 2901 49.
739 2825 812 2921 51,
862 2857 989 2928 parum
1024 2833 1128 2904 satis·

66 2920 181 3004 lecimus
211 2933 366 3007 Censori
396 2932 673 3024 Darmstadino‚
719 2935 782 3032 qui
808 2935 983 3030 ampliore
1008 2942 1045 3006 et
1070 2957 1128 3006 ae·

65 3034 204 3140 auratiore
231 3036 476 3135 disputatione
509 3062 600 3134 opus
631 3035 745 3108 luisse
777 3035 974 3110 oontendit.
1050 3035 1129 3109 Nos

67 3151 90 3196 n
110 3134 180 3208 istas
205 3138 453 3239 paragraphus
487 3163 562 3211 non
596 3140 716 3210 minus
747 3164 855 3212 aurae
881 3139 1127 3238 cogitationis·

66 3251 112 3325 tto
138 3238 423 3339 impenderamus
459 3267 566 3342 quam
598 3241 638 3314 in
672 3242 831 3340 reliquas
869 3253 904 3313 et
939 3266 984 3313 ne
1018 3239 1127 3314 hodie

66 3335 174 3426 quidem
209 3343 468 3444 intelligimus,
519 3367 611 3444 quae
644 3345 718 3416 sint
758 3343 819 3416 illa
852 3354 914 3414 aut
949 3369 1033 3415 vera
1064 3354 1127 3416 aut

66 3437 250 3538 probabilia,
295 3473 387 3546 quae
420 3445 504 3520 addi
535 3447 734 3544 potuerint.
809 3449 937 3546 ltaque
969 3447 1125 3544 primum

66 3531 120 3631 le,
164 3551 218 3620 mi
250 3548 551 3643 Lachmanne‚
598 3573 797 3646 omnesque
829 3549 984 3623 lectores
1016 3545 1126 3622 bene·

64 3641 136 3753 tolus
158 3648 304 3749 rogatos*
326 3652 431 3743 volo,
484 3661 545 3745 ut,
593 3653 625 3724 si
653 3649 775 3724 etilla
802 3663 957 3753 atquae
986 3652 1024 3722 in
1054 3649 1126 3728 hoo

64 3735 130 3816 l¹bro
152 3764 234 3825 sunt
258 3752 420 3852 ejusdem
454 3756 620 3854 generis,
672 3755 791 3828 minus
823 3753 917 3828 bene
944 3748 1125 3853 disputata

66 3863 119 3918 esse
145 3854 349 3950 videantur,
407 3883 453 3928 ne
487 3855 712 3957 diligentiam
750 3885 863 3930 meam
903 3860 942 3928 in
981 3857 1123 3957 eulpam

65 3953 186 4047 vocetis,
233 3958 298 4032 sed
324 3972 387 4032 aut
412 3961 552 4057 ingenii
577 3961 788 4033 tenuitatem
822 3970 885 4032 aut
919 3963 1032 4058 ipsam
1067 3989 1122 4034 re·

67 4065 121 4121 ‘¹¹⁰1
151 4068 373 4134 tractatarum
412 4061 571 4134 indolem
608 4073 644 4133 et
680 4072 866 4158 naturam3
923 4065 1121 4137 ‘Censorem

68 4161 306 4267 antemonet
336 4163 486 4237 obsecro
512 4175 572 4256 ut,
588 4247 598 4262 ..
620 4189 713 4263 quae
745 4165 875 4238 melius
910 4164 981 4238 diei
1016 4193 1122 4265 posse

69 4262 129 4350 ⁸⁰¹1,
164 4262 302 4360 publice
334 4264 548 4365 privatimve
582 4271 1008 4364 eommunicetmeoum,
1049 4296 1122 4372 quo
