2746 4818
98 481 101 494 .
209 349 301 464 teo
377 381 488 476 044.
521 387 582 458 ‘De
603 381 788 458 adverbiis
809 383 882 458 loci
901 398 938 457 et
957 385 1147 482 temporis.

113 603 115 612 ’
210 613 282 656 ram
305 587 393 655 illud
415 588 539 678 legitur
552 587 641 678 apud
653 587 867 656 Theocritum
881 587 963 672 XV,
977 589 1007 653 1.
1020 587 1063 656 77
1078 586 1303 654 etCallimaclr.

209 693 246 757 in
268 690 343 757 Cer.
367 691 421 760 77.
474 691 528 756 De
550 703 687 756 accentu
707 691 795 756 inter
816 690 973 780 antiquos
996 691 1224 782 grammaticos
1244 688 1307 754 dis·

211 805 375 884 ceptatum
397 805 457 860 est.
503 793 707 883 Apollonius
728 804 761 860 et
774 793 986 864 Herodianus
1007 794 1221 884 penultimam
1241 791 1309 856 aeui

206 897 348 984 jubent,
381 908 418 962 ut
438 897 473 960 in
497 895 585 962 ἔνδον
608 906 641 962 et
664 895 747 981 ἔξω,
780 896 838 962 alii
859 896 1008 962 ultimam
1031 897 1310 963 circumflexemnt
1364 932 1365 988 3

210 1012 347 1089 propter
375 998 579 1088 reliquorum
607 998 838 1064 adverbiorum
860 998 1074 1065 locativorum
1095 999 1132 1064 iu
1155 1026 1188 1066 οι
1208 997 1310 1064 analo·

213 1102 321 1192 giam,
344 1125 485 1192 quorum
508 1102 704 1168 seutentiam
726 1101 832 1188 magis
853 1101 1044 1189 probamus.
1073 1143 1116 1154 -
1146 1103 1312 1168 Postremo

211 1203 337 1270 Dorica
359 1214 392 1268 et
414 1202 621 1292 Syracusana
643 1205 824 1268 afferuntur
851 1203 965 1278 ἔνδος
987 1216 1021 1272 et
1042 1203 1061 1268 ἔ
1064 1210 1132 1282 ξος
1146 1203 1201 1291 ⁵),
1235 1225 1311 1292 quaa
1365 1226 1366 1300 p

212 1307 355 1372 fortasse
387 1329 429 1370 ex
455 1305 566 1390 ἔνδοθι
596 1316 630 1372 et
659 1304 749 1382 ἔξοδι
778 1307 865 1372 facta
893 1320 993 1391 sunt,
1031 1319 1068 1372 ut
1097 1305 1153 1382 δός
1184 1331 1203 1371 c
1232 1305 1312 1370 δόδι.
1365 1313 1366 1320 ’

212 1409 330 1497 Ipsum
352 1406 460 1474 ἔνδοθ’
482 1407 638 1474 traditum
660 1417 711 1474 est
728 1407 850 1498 Epich.
869 1409 900 1476 9.
947 1409 987 1474 ln
1010 1411 1210 1498 fragmento,
1233 1407 1314 1498 quod

214 1509 381 1600 Soplrroni
405 1533 423 1576 e
445 1511 636 1597 conjectura
662 1511 834 1598 dedimus,
867 1513 911 1578 fr.
933 1511 1034 1580 27.1ι
1064 1524 1143 1578 sunt
1173 1512 1260 1577 ἔνδον
1287 1521 1315 1576 ο1

214 1612 286 1690 ἔξω.

297 1733 487 1819 Adverbia,
522 1759 606 1824 quae
627 1737 692 1801 huc
714 1735 923 1826 pertincant,
956 1761 976 1802 a
997 1733 1214 1802 substantivis
1237 1731 1316 1798 deri·

214 1847 288 1905 vata
309 1859 413 1928 pauca
437 1838 598 1926 quaedam
620 1851 749 1904 extant:
772 1833 905 1920 ’[οδμοῖ
924 1839 1073 1904 Timocr.
1098 1841 1116 1904 1
1142 1836 1317 1904 secundum

214 1941 385 2030 vulgarem
414 1965 533 2024 usum,
569 1941 601 2004 ἐν
630 1943 807 2024 Πριανσιοῖ
834 1941 924 2008 Cret.
949 1941 1035 2010 2556
1068 1952 1102 2006 ct
1133 1943 1165 2006 ἐν
1197 1939 1320 2022 Ἰσθμοῖ

215 2041 380 2110 Simonid.
405 2044 447 2108 l'r.
462 2043 546 2128 200,
569 2042 813 2134 praepositione
837 2067 948 2109 casum
970 2043 1149 2110 locativum
1164 2051 1318 2133 arguente

215 2145 287 2212 vid.
310 2145 343 2228 ᾗ.
367 2145 429 2229 20,
450 2147 492 2228 2,
515 2157 682 2235 postremo
703 2148 795 2211 πεδοῖ
813 2147 867 2212 vel
889 2148 979 2211 πέδον
1002 2145 1060 2232 (de
1083 2142 1223 2210 accentu
1246 2144 1317 2209 item

215 2248 433 2336 disceptatur,
457 2258 494 2312 ut
515 2249 550 2312 in
572 2247 668 2328 ἔνδοῦ
684 2252 711 2330 ⁴)
732 2250 892 2338 Aeschyl.
912 2250 1025 2315 Prom.
1040 2249 1124 2330 272,
1146 2271 1248 2339 quam
1268 2271 1318 2314 uo·

216 2372 290 2414 cem
307 2351 513 2439 Aeschylum
536 2373 554 2416 e
577 2349 694 2417 Sicilia
716 2352 884 2443 accepisse
917 2351 1143 2442 suspicamur,
1178 2363 1318 2418 ceterum

214 2475 276 2542 pro
291 2435 427 2520 laza'dovda
452 2464 513 2520 est.
937 2456 944 2472 ‘

302 2571 336 2656 0)
379 2573 551 2641 Nonnulla
573 2573 727 2640 adverbia
749 2571 859 2638 locum
882 2561 955 2643 ubi
977 2572 1205 2664 designantia,
1242 2599 1320 2666 quac

216 2699 235 2742 a
256 2677 559 2767 praepositionibus
582 2676 808 2759 descendunt,
831 2701 933 2764 quum
954 2676 1055 2766 vulgo
1079 2676 1114 2740 in
1136 2686 1194 2740 διν
1212 2679 1271 2744 vel
1286 2688 1321 2744 θε

215 2779 454 2861 terminentur,
488 2779 575 2867 apud
598 2779 781 2846 Dorienses
810 2790 847 2843 ut
874 2777 961 2869 apud
982 2779 1107 2844 Acoles
1140 2778 1176 2843 in
1197 2788 1251 2844 θα
1273 2805 1322 2845 ex·

217 2877 351 2967 errntt).
380 2881 592 2946 'Alleruntur
624 2881 698 2968 ejus
729 2881 860 2970 generis
890 2879 1153 2969 agrammaticis
1174 2880 1320 2967 πρόοδοι,

217 3190 382 3262 respiciens.
408 3223 442 3233 -
478 3191 767 3263 Αρο11011.610,20.
797 3197 866 3252 ἔνδον
890 3227 923 3238 -
949 3196 1014 3273 ὅπερ
1032 3198 1059 3252 ἔν
1074 3197 1167 3273 χρήσει
1182 3201 1325 3275 Συρακου-

217 3281 281 3340 οἰοις
301 3279 493 3338 καδΑἷολεῦσέο
511 3281 579 3347 ἐστι,
599 3281 778 3347 pesdemonte
798 3290 929 3356 σογκοπῆς
945 3291 994 3340 τοῦ
1013 3289 1111 3340 ἔνδοθι.
1130 3317 1163 3328 -
1181 3287 1324 3362 ἐβαρύνετο

217 3365 329 3434 εὐλόγοις
347 3369 392 3420 καὶ
407 3367 517 3422 conando
532 3359 566 3439 ἢν
583 3367 661 3435 (tut).
698 3369 747 3424 οὐκ
764 3369 850 3439 ἀγνοοῖ
867 3375 955 3436 μέντοι
971 3395 1013 3441 γε,
1041 3369 1083 3428 ὅτι
1096 3376 1161 3433 τινὲς
1182 3371 1214 3428 τὸ
1241 3378 1326 3432 dodoi

217 3453 425 3528 πειράζονοα
441 3459 620 3528 περιέσπασαν
636 3460 674 3525 τῷ
691 3457 760 3528 λόγῳ
776 3464 828 3512 τῶν
844 3459 879 3520 εἷς
893 3464 925 3514 δῖ
942 3459 1073 3532 ληγόντων
1087 3461 1285 3534 δπιῤῥημάτιιν.
1296 3493 1324 3504 -

219 3543 322 3600 Joann.
342 3542 389 3596 Al.
408 3546 457 3609 36,
477 3548 502 3600 7.
525 3543 572 3617 Αοοὶ
596 3546 624 3598 δδ
648 3543 704 3598 ant
726 3546 878 3618 βαροτδοοιν
894 3547 1056 3621 βαρύνεται,
1082 3549 1128 3608 ἔξω
1151 3550 1216 3610 ἔξον,
1248 3553 1324 3604 πέδοι

217 3632 307 3683 πέδοι·
333 3621 429 3684 πέδοι
453 3632 487 3683 δδ
511 3635 629 3697 βᾶσαι·
656 3633 789 3698 Alalaiou
810 3633 958 3707 Προμηθεῖ
980 3635 1110 3708 δισμῶτςο,
1145 3635 1217 3688 ἔνδον
1244 3640 1326 3694 ἔνδον·

219 3718 308 3772 ἔνδον
324 3717 509 3790 Πραξινδοι·
537 3715 552 3772 ὁ
570 3719 722 3794 Θεόκρντος,
741 3713 808 3781 οἶκος
826 3724 899 3777 oinos.

254 3822 283 3888 6)
318 3821 446 3891 Theogn.
466 3822 544 3876 On.
564 3823 605 3888 ll,
626 3826 692 3886 162,
711 3828 728 3880 9
747 3825 783 3879 de
803 3827 890 3880 ἔνδονε
918 3823 990 3895 λήγει
1007 3826 1096 3878 etant
1113 3823 1148 3884 εἷς
1164 3825 1224 3885 doc·
1258 3829 1326 3886 ἔνδος

219 3904 273 3980 peip
292 3908 394 3973 λέγεται
416 3906 544 3968 πολλάκις
568 3911 613 3962 καὶ
636 3912 713 3966 ἔνδον.
750 3911 826 3968 lbtd.
846 3914 895 3968 164
903 3949 913 3974 ,
932 3916 966 3966 10
991 3911 1028 3966 de
1051 3912 1199 3966 adverbiis
1223 3912 1258 3967 iu
1283 3935 1325 3973 οςι

219 3992 252 4048 τὸ
269 3997 333 4061 γοῦν
349 3995 436 4061 ἔνδος,
454 3996 508 4056 itae
524 3995 661 4068 βαρύτονα
678 3997 779 4071 Δώρια.
797 4029 831 4040 -
855 4000 931 4058 Anu.
951 3999 1029 4052 Oxx.
1049 3998 1079 4065 I,
1098 4002 1165 4067 345,
1186 4003 1202 4054 l
1219 4000 1261 4056 de
1278 4003 1326 4055 ed·

220 4080 330 4136 verbiis
348 4081 378 4134 in
397 4101 440 4142 oc.-
458 4082 536 4157 παρὰ
553 4086 581 4138 δὲ
598 4084 803 4158 Σνῤῥαιοοοίοις
819 4085 851 4139 οδ
870 4089 924 4146 ttae
942 4087 986 4138 ναὶ
1001 4083 1033 4140 τὸ
1051 4087 1133 4146 ἔνδος.

255 4187 283 4250 6)
319 4186 454 4255 ΑροΙΙοο.
478 4187 515 4242 de
533 4189 597 4242 adv.
616 4191 685 4253 563,
705 4193 738 4244 19
762 4207 796 4232 ’-
818 4192 886 4252 cot,
904 4193 938 4245 16
961 4219 996 4230 -
1018 4193 1071 4245 606
1108 4192 1142 4246 16
1167 4189 1239 4257 (eid.
1260 4191 1326 4244 1..1

219 4273 244 4344 5.
263 4271 298 4328 29
324 4283 382 4330 not.
403 4278 427 4330 1.
445 4277 484 4340 3).
511 4305 545 4322 -
580 4277 708 4332 Macrob.
734 4277 765 4330 11
792 4295 820 4349 p.
838 4278 975 4349 31013ip.
1002 4277 1129 4350 ,Δωριεῖς
1149 4274 1182 4330 οδ
1207 4277 1327 4351 πρόσθεν
