2726 4820
171 283 278 376 §.32
322 287 380 359 De
398 288 666 386 conjugationis
684 288 826 362 ratione
849 291 1052 365 communi.
1092 292 1171 400 2935

75 485 183 572 daur,
206 511 308 577 qaum
330 487 365 554 in
389 489 542 554 omnihus
566 491 635 558 illis
658 491 765 560 titulis
787 494 914 562 nullum
932 507 1096 585 praetcrea
1114 522 1170 565 au·

74 588 179 680 tiquac
215 590 309 656 illius
340 593 593 682 orthographiae
627 594 807 685 vestigium
843 598 1002 664 resederit
1035 610 1171 688 excepto

72 692 347 782 Amphictyonum
368 693 499 759 decreto
530 719 580 760 or.
606 697 710 778 1688,
745 697 789 791 de,
815 721 882 788 quo
911 698 945 762 in
975 699 1170 789 Appendiee

74 792 323 884 disputabimus.
370 795 517 860 Facilius
541 799 575 862 in
598 798 704 864 titulis
727 799 840 866 Attice
860 799 1000 867 dialecto
1023 802 1168 892 seriptis,

72 896 123 962 ubi
146 897 290 962 subinde
308 897 421 964 eadem
443 899 731 984 conjunctivorum
753 901 836 967 ratio
859 913 1025 992 spectatur
1041 915 1075 968 ut
1093 901 1169 984 ἆρό-

69 1019 114 1062 cra
134 1023 187 1064 nr.
207 999 288 1083 103,
313 999 396 1076 δόξει
416 1024 467 1066 nr.
485 1003 581 1068 2353.
599 1002 697 1087 2360,
720 1003 960 1070 Boeebhianam
980 1005 1167 1093 opinionem

68 1099 277 1189 probaveris,
308 1103 384 1192 quie
405 1104 495 1170 tituli
516 1103 620 1171 Attici
644 1105 757 1171 miultis
779 1106 875 1171 aunis
898 1117 973 1194 post
995 1105 1166 1172 Euclidem

67 1204 251 1270 anebontem
264 1206 386 1271 exarati
401 1206 486 1271 haud
501 1231 574 1272 raro
591 1231 617 1270 ει
631 1232 691 1295 pro
707 1237 726 1295 ῃ
744 1209 841 1274 ctiam
857 1209 891 1273 iu
908 1207 982 1274 aliis
998 1208 1166 1292 exhibent,

65 1308 154 1370 uteri
167 1309 276 1387 βουλεῖ
284 1331 343 1396 pro
358 1313 396 1396 τῇ
407 1313 516 1396 βουλῇ,
540 1309 608 1375 vid.
623 1309 743 1374 Franz.
759 1309 901 1376 Elcmm.
913 1309 1032 1399 Epigr.
1045 1335 1078 1399 p.
1091 1311 1164 1377 150.

64 1405 128 1474 Sed
151 1409 250 1474 etiam
268 1411 346 1474 haee
370 1411 480 1499 potins
503 1409 642 1476 dialecto
665 1420 698 1476 et
719 1411 979 1500 pronuntiationi
992 1411 1167 1478 tribuenda

64 1533 134 1576 esse
151 1535 251 1600 quam
267 1511 421 1602 antiquae
444 1513 693 1600 orthographiae
717 1513 846 1578 cuidam
861 1512 1081 1580 recordationi
1094 1537 1166 1602 per·

62 1637 195 1678 suasum
209 1613 378 1680 habemus.
425 1614 572 1680 Primum
589 1615 677 1680 enim
696 1639 755 1682 eur
771 1639 798 1680 u
817 1639 875 1704 pro
896 1643 913 1702 p
934 1614 1078 1683 scribere
1092 1600 1165 1705 per:

63 1726 190 1802 gerent,
213 1738 313 1803 quum
333 1739 424 1804 apro
448 1745 467 1793 η
489 1719 540 1782 vel
559 1716 731 1806 cipridem
751 1716 984 1793 obsolevisset,
1008 1717 1074 1782 nisi
1094 1717 1165 1806 ipsa

60 1816 284 1905 pronuntiatio
303 1817 393 1884 illam
408 1819 600 1907 scripturam
613 1820 805 1908 adjuvaret?
839 1819 971 1885 Deinde
986 1817 1117 1896 Atticos
1130 1819 1165 1886 iu

61 1920 175 1984 multis
199 1941 227 1982 ει
249 1943 308 2008 pro
331 1921 517 2012 antiquiore
536 1941 559 2007 ιι
575 1945 643 1990 uon
656 1924 762 1988 solum
780 1920 967 2008 scripsisse,
992 1920 1164 1988 sedetiam

59 2021 293 2110 pronuntiasse
322 2033 447 2088 eertum
477 2035 547 2100 est,
593 2036 629 2088 ut
657 2026 738 2098 κλεῖς
764 2035 797 2087 et
829 2024 919 2086 alaim
942 2046 1001 2110 pro
1023 2028 1110 2102 atqle
1131 2035 1164 2090 ct

60 2128 171 2202 ulqt'm,
200 2123 283 2211 κλῄω
306 2163 347 2176 -
370 2127 450 2190 λεῖοι
465 2125 630 2214 probiter
651 2167 692 2178 -
713 2125 830 2202 τύπτει,
854 2122 1038 2214 βούλειριο
1053 2125 1162 2214 τύπτῃ,

57 2226 155 2313 βούλῃ
164 2273 177 2303 ,
201 2224 270 2290 vid.
287 2226 412 2292 Buttm.
438 2227 582 2293 Gramm.
607 2229 622 2292 l
646 2232 678 2312 ξ.
692 2228 735 2296 87
757 2229 861 2296 not.9
883 2267 925 2280 -
946 2226 1162 2315 Ἐρεχθεῖὸος,

55 2327 206 2411 Αἶγεῖδος
226 2351 286 2416 pro
309 2327 538 2415 Ἐρεχθηΐδος,
568 2331 721 2414 Αἰγηΐδος
742 2331 795 2394 vel
817 2329 1035 2416 Ἐρεχθῇδος,
1059 2333 1164 2418 Αἰγῇ-

56 2432 109 2504 δος
132 2429 203 2494 vid.
227 2429 311 2494 ibid.
334 2431 368 2496 ll
390 2433 422 2514 §.
449 2434 510 2498 119
544 2442 612 2497 not.
634 2431 688 2498 30.
743 2431 859 2518 ltaque
882 2430 1069 2509 nescimus,
1103 2455 1163 2498 cur

54 2531 192 2596 Atticos
213 2533 261 2594 τεΐ
279 2536 383 2614 dorici
404 2558 463 2622 pro
484 2538 523 2620 τῇ
535 2538 642 2620 ’βουλῇ
666 2544 700 2596 et
721 2531 798 2611 λέγει
820 2530 874 2596 vel
895 2530 989 2596 θάιιι
1009 2557 1068 2622 pro
1092 2535 1161 2621 λέγῃ

53 2644 86 2698 et
106 2631 198 2721 θάνῃ
221 2635 454 2723 pronuntiasse
477 2635 610 2702 credere
632 2632 817 2715 noluerint,
845 2633 1038 2722 pracsertim
1060 2657 1161 2723 quum

52 2735 93 2801 de
114 2734 236 2802 Attico
267 2738 314 2800 dei
341 2762 401 2826 pro
436 2738 487 2825 δέῃ
510 2738 564 2804 vel
588 2739 626 2826 δῇ
647 2735 793 2802 notabile
815 2734 1040 2802 testimoninm
1061 2748 1161 2824 extet,

50 2837 120 2902 vid.
150 2837 275 2904 Buttm.
300 2839 333 2902 ll
356 2864 388 2928 p.
414 2841 487 2906 151.
533 2839 712 2906 Recentior
733 2862 835 2920 usus,
873 2861 971 2926 quem
991 2839 1074 2906 libri*
1094 2865 1160 2906 ma·

49 2940 224 3029 nuscripti
246 2939 422 3023 exhibent,
455 2941 588 3008 adeam
610 2941 770 3008 rationem
798 2940 946 3025 reflexit,
982 2963 1066 3032 quae
1087 2942 1160 3010 illa·

47 3069 124 3110 rum
153 3044 330 3108 formarum
353 3042 477 3132 origini
499 3045 639 3121 maxime
660 3042 838 3110 convenire
860 3041 1044 3109 videbatur.

144 3143 318 3234 Quidquid
351 3146 391 3210 de
418 3146 604 3212 Atticorum
641 3171 704 3212 usu
735 3143 918 3210 accuratior
949 3143 1161 3232 investigatio

46 3245 229 3330 docuerit,
261 3249 323 3313 hoe
344 3272 404 3337 pro
428 3261 517 3315 certe
538 3247 747 3326 tenebimus,
777 3245 992 3312 Doriensium
1014 3269 1159 3335 pronun·

46 3351 230 3418 tiatiouem
258 3362 383 3429 mature
414 3363 479 3416 tam
506 3350 695 3438 ambiguam
717 3348 822 3412 fnisse
844 3347 879 3411 in
901 3348 996 3413 tertia
1018 3349 1160 3435 coujun-
1202 3401 1205 3419 .

43 3453 138 3520 etivi
168 3475 329 3542 persona,
366 3464 402 3518 ut
429 3454 554 3542 triplici
575 3452 635 3520 illo
657 3451 754 3516 modo
776 3449 915 3540 opprimi
937 3461 1063 3539 posset.
1115 3451 1160 3516 Et

42 3554 227 3646 plerisque
248 3554 383 3644 quidem
404 3555 620 3620 Doriensium
642 3551 828 3620 terminatio
855 3581 873 3630 η
898 3552 970 3618 sine
992 3552 1058 3617 iota
1081 3551 1157 3616 sub·

40 3658 182 3748 scripto
204 3677 308 3744 aeque
330 3679 368 3722 ae
389 3655 524 3750 Lesbiis
546 3653 631 3741 (vid.
656 3659 688 3738 ξ.
711 3655 773 3735 24,
795 3650 831 3742 b)
863 3655 1003 3720 maxime
1024 3654 1158 3743 probata

39 3781 129 3828 esse
152 3754 306 3843 videtur,
344 3783 453 3850 neque
475 3757 601 3824 minere
619 3757 698 3844 jure
719 3780 762 3821 ex
783 3756 917 3846 antiquo
939 3757 1045 3839 ls'yqoo
1065 3760 1157 3823 nasci

37 3869 185 3954 poterat
205 3861 289 3942 λέγη,
313 3885 411 3950 qnam
435 3885 453 3926 e
476 3861 557 3943 φησί
566 3859 831 3923 Anacreonteum
848 3857 891 3941 φή
907 3860 949 3923 l'r.
964 3860 1007 3928 38
1017 3859 1155 3948 Bergk,

37 3961 147 4056 quod
169 3960 235 4028 iota
256 3962 405 4052 caruisse
426 3962 602 4053 Apollonii
632 3959 820 4026 testimonia
848 3959 888 4025 (le
919 3971 1006 4050 synt.
1035 3986 1069 4050 p.
1093 3961 1157 4028 238

34 4081 74 4136 et
101 4066 150 4131 de
172 4062 247 4130 adv.
273 4089 307 4154 p.
330 4065 413 4148 543,
436 4065 457 4130 7
479 4063 691 4154 patefaciunt.
725 4103 765 4112 -
811 4061 1036 4152 Scriptorihns
1057 4062 1156 4126 Dori·

34 4171 93 4236 eis
130 4166 300 4257 vulgarem
331 4166 593 4234 terminationem
622 4165 811 4254 relinquere
832 4188 898 4230 non
921 4163 1155 4245 dubitavimus,
