2746 4818
234 377 312 460 318
430 473 433 480 Ι
606 377 665 448 De
695 373 959 494 conjugatione.

116 586 119 591 ’
224 577 286 652 nr.
319 563 406 654 3848
439 581 575 666 διελέγην
604 581 768 666 traditur,
807 579 896 672 quod
923 579 1115 648 Boeclthins
1144 581 1181 647 in
1208 583 1321 667 ortano

232 687 381 756 mutavit.
447 685 541 770 Qui,
581 684 733 776 quamvls
765 682 896 750 Cretico
927 682 1088 750 dialectos
1117 685 1322 774 singularium

233 788 413 858 sarmarum
444 786 537 854 dives
565 787 631 870 sit,
663 796 753 854 recte
781 795 890 852 tamen
916 785 1028 876 egisse
1056 784 1207 872 videtur,
1234 809 1322 878 quum

232 914 344 982 neque
374 891 637 980 apographorum
666 889 751 956 tides
778 911 896 974 magna
918 888 962 954 sit
983 899 1016 954 et
1037 888 1074 954 in
1097 889 1274 958 simillimis
1291 890 1323 954 ti·

127 1057 131 1072 ,
211 996 314 1062 ιιιιΙίε
348 991 491 1059 Creticis
520 992 617 1060 3050.
649 991 735 1060 3052
765 991 893 1074 detersa
924 990 1066 1079 legatur.
1122 991 1196 1060 Nec
1227 993 1324 1060 minus

232 1107 323 1164 recte
344 1094 433 1162 idem
452 1093 490 1160 iu
511 1094 656 1184 optativo
676 1097 826 1176 περιιεῖεν,
842 1094 968 1183 Amph.
991 1094 1097 1178 1688,
1122 1095 1165 1164 18
1186 1095 1324 1161 termina·

232 1199 359 1268 tionem
382 1225 439 1277 ην,
473 1219 558 1287 quae
580 1195 687 1263 estin
711 1195 842 1262 Claraci
863 1198 1081 1287 apographo,¹
1106 1197 1253 1287 sprevit,
1282 1193 1325 1261 vel

232 1303 271 1368 in
303 1301 489 1390 Corcyraeo
517 1298 616 1366 titulo
644 1299 748 1366 malae
776 1298 854 1366 fidei
884 1321 936 1364 ur.
961 1298 1067 1384 1845,
1096 1302 1140 1368 74
1166 1299 1326 1384 παραδοῖεν

21 1481 24 1499 p
156 1441 164 1454 =
233 1403 383 1495 reposuit
401 1425 462 1492 pro
483 1403 673 1487 παραδοίην.

318 1504 478 1594 Vulgus-is
500 1504 605 1570 torma
636 1503 815 1586 διελὲγησαν
836 1502 927 1569 Cret.
952 1501 1037 1570 3047
1059 1501 1147 1588 cho
1177 1503 1326 1596 lapicidae

233 1606 349 1674 deberi
369 1606 520 1692 videtur3
543 1605 665 1672 certius
687 1615 739 1672 cst
759 1609 909 1690 παρῆσαν
923 1604 1044 1694 Epist.
1058 1605 1121 1690 94,
1144 1608 1236 1698 quod
1252 1615 1326 1675 certe

232 1711 270 1778 in
292 1709 447 1778 omuibus
470 1708 567 1774 libris
591 1732 665 1774 esse
692 1708 834 1774 ridetur.

318 1813 354 1890 7)
397 1810 650 1898 Subjcctivi
683 1833 806 1900 paucae
834 1811 958 1878 formae
987 1810 1219 1901 reperiuntur,
1254 1833 1326 1902 quae
1364 1837 1365 1864 t

232 1941 307 1984 curn
336 1914 467 2003 vulgari
495 1913 622 1979 ratione
653 1914 853 2002 discrepent.
910 1912 964 1977 De
989 1913 1211 1998 >conjunctivo
1241 1935 1327 2004 supra
1364 1910 1365 1950 1

232 2019 380 2086 diximus
402 2039 454 2082 ur.
468 2018 501 2084 2.
547 2015 781 2105 imperativum
802 2020 891 2098 μῶσο
913 2015 1114 2106 Epicharmo
1134 2015 1328 2082 restituimus

232 2123 277 2190 fr.
302 2122 362 2188 121
393 2117 461 2186 vid.
491 2115 524 2202 ξ.
547 2118 610 2202 42,
642 2114 731 2182 idem
759 2131 836 2208 post
864 2118 1052 2203 rejectum
1080 2118 1328 2184 contractionem

233 2246 353 2316 passus
376 2231 428 2288 est
447 2219 484 2286 in
505 2222 634 2304 περίδου
654 2217 802 2285 Acheru.
823 2219 889 2289 788
911 2230 944 2288 et
965 2222 1044 2302 πρΙα
1074 2219 1112 2296 (1.
1136 2243 1167 2284 e.
1190 2218 1327 2306 πρίασο),

233 2335 272 2390 ut
292 2347 354 2415 pro
375 2325 458 2406 πρίω
480 2319 715 2411 rescripsimus
736 2320 855 2410 Epiclr.
880 2323 941 2406 93,
972 2320 1041 2389 vid.
1064 2321 1096 2405 ἕ.
1120 2323 1185 2407 24,
1207 2323 1242 2390 4.
1285 2323 1329 2389 De

232 2425 419 2517 imperativi
448 2447 590 2516 persona
617 2420 715 2489 tertia
742 2423 864 2512 plurali
892 2424 1022 2514 egimus
1051 2423 1083 2508 ἓ.
1107 2424 1171 2508 35,
1193 2426 1228 2492 3.
1280 2425 1329 2492 Se·

233 2527 342 2596 cunda
372 2525 552 2618 singularis
578 2523 746 2615 praeteriti
767 2524 924 2593 Doricam
956 2526 1213 2593 contractionem
1242 2549 1329 2619 passa
1363 2537 1364 2552 ¹

232 2642 283 2697 est
305 2629 342 2695 in
365 2630 477 2714 ἕπρία,
512 2627 602 2718 quod
622 2625 659 2692 iu
680 2626 774 2692 Anu.
799 2626 888 2693 on.
910 2628 982 2713 Ill,
1005 2629 1090 2711 241,
1114 2628 1157 2696 12
1177 2629 1329 2698 Doricum

234 2731 358 2798 dicitur
384 2753 446 2822 pro
475 2731 594 2814 ἐπρίω,
629 2730 776 2816 inplens.
833 2728 1034 2819 Corruptnm
1056 2753 1130 2796 esse
1147 2731 1328 2819 judicamus
1363 2801 1364 2814 p

191 2921 193 2932 .
235 2834 423 2910 συνέθοντο,
457 2829 549 2923 quod
579 2830 615 2894 in
638 2829 729 2899 Cret.
753 2829 860 2910 2554,
885 2833 907 2900 2
933 2833 1059 2920 legitur
1087 2857 1147 2924 pro
1171 2838 1329 2901 συνέθεντο
1363 2819 1364 2866 1

233 2957 296 3002 uec
325 2932 465 3026 probare
495 2953 674 3021 possumus
704 2931 921 3016 macoma«,
954 2933 1046 3024 qnod
1075 2935 1202 3006 ibidem
1231 2935 1328 3007 1291

233 3034 419 3104 Boscklrius
441 3058 461 3101 e
484 3032 686 3118 συνθώμεθα
708 3035 828 3103 effecit.
1241 3023 1243 3030 ¹

722 3252 754 3336 ἕ.
782 3252 838 3321 40.
979 3280 982 3287 ·

638 3410 699 3460 lte
720 3411 833 3462 veron
849 3403 930 3471 sint.

387 3561 421 3642 1)
464 3559 578 3626 Prses.
602 3556 743 3623 Iudicat.
1362 3539 1363 3596 1

319 3663 437 3754 Sing.
464 3663 494 3728 1.
539 3661 620 3742 εἰμι’
640 3657 761 3748 Epich.
787 3659 847 3744 19,
868 3658 904 3724 in
927 3659 1091 3727 severiore
1113 3661 1244 3730 Doride
1266 3684 1332 3755 pro

231 3768 288 3836 cal
310 3765 411 3832 dubio
432 3762 490 3847 η’μὶ
510 3773 578 3828 crat
598 3759 667 3827 vid.
691 3761 724 3844 §-
747 3760 810 3846 29,
833 3762 866 3828 3.
890 3785 920 3827 a.
990 3781 994 3790 ’

319 3865 438 3954 Sing.
462 3866 496 3933 2.
543 3865 639 3928 ἐσσί
670 3861 886 3952 Syracusanis
908 3863 1063 3930 tribuitur
1083 3865 1125 3932 ab
1146 3865 1334 3934 Herodiano

232 3997 267 4034 π.
290 3995 325 4049 μ.
348 3974 376 4032 λ.
399 3967 464 4050 44,
489 3967 550 4051 19,
583 3967 642 4057 qui
665 3961 802 4054 apponit
824 3962 943 4054 Sophr.
965 3965 1028 4048 99,
1049 3978 1082 4033 et
1102 3967 1227 4056 legitur
1249 3993 1336 4061 prac-

232 4082 323 4137 terea
346 4065 466 4158 Epich.
491 4067 573 4153 130,
607 4065 682 4134 ἑ’σσ’
705 4065 825 4156 Epicu.
851 4066 934 4152 125,
965 4091 1026 4135 nce
1047 4069 1159 4136 minus
1181 4070 1219 4136 in
1244 4070 1337 4137 dictis

233 4171 411 4240 Laconicis
429 4169 597 4236 Plutarch.
619 4167 743 4256 Pyrrh.
764 4192 795 4235 e.
808 4169 852 4238 26
873 4182 907 4236 et
920 4169 1090 4262 Apoplrtlr.
1106 4171 1188 4238 Lac.
1210 4196 1249 4262 p.
1265 4173 1336 4244 211.

232 4275 309 4344 233.
353 4273 525 4342 Postremo
555 4294 598 4337 ne
618 4268 818 4338 Theocritus
852 4271 987 4363 quidem
1014 4283 1048 4340 et
1075 4273 1248 4341 Pindarus
1279 4273 1339 4342 elis
