2712 4818
52 1711 339 1824 nnoLo
404 1713 899 1822 nnoflnmnno
961 1714 1113 1823 sno

467 1952 507 2025 S.
538 1955 580 2024 P.
611 1953 656 2026 l).

91 2161 397 2260 HENRICUS
426 2163 754 2256 LUDOLFUS
783 2165 1039 2260 AHRENS.

35 2628 144 2734 Primo
169 2658 291 2757 hujus
316 2657 435 2752 operia
462 2653 557 2728 libro
584 2667 739 2754 quatuor
765 2655 896 2730 abhinc
917 2660 1024 2730 annis
1051 2659 1114 2732 ab·

34 2765 124 2836 soluto
148 2789 254 2860 spem
285 2783 519 2854 conceperam
547 2757 626 2830 lieri
654 2784 780 2855 posse,
811 2772 852 2832 nl
872 2759 1114 2836 CaroloOdo·
1153 2767 1155 2772 ’

34 2863 110 2938 lredo
128 2863 338 2950 Modiam,
384 2862 447 2958 qni
475 2885 519 2932 co
544 2862 623 2957 ipso
650 2872 810 2958 tempore
837 2861 1016 2936 Graecum
1043 2867 1114 2938 iter

33 2968 169 3060 parabat,
212 2961 396 3038 incolumi
422 2974 458 3034 et
486 2961 740 3034 honestissima
762 2963 893 3061 praedo
920 2977 1052 3039 onusto
1074 2970 1113 3040 in

33 3073 152 3163 patriam
185 3066 320 3141 reduci
348 3063 583 3136 laetissimum
605 3067 764 3137 animum
790 3065 903 3139 allero
925 3066 1020 3141 libro
1043 3081 1113 3141 tra-

33 3169 85 3244 nin
106 3172 339 3246 testificator.
401 3165 505 3260 Quae
532 3168 628 3238 enim
653 3179 774 3240 asson!
801 3168 845 3240 dc
869 3169 1022 3244 dialecto
1040 3171 1114 3244 Dn-

33 3275 103 3369 riea,
154 3299 233 3375 quo
282 3270 429 3341 nomine
465 3268 661 3373 inscribere
694 3269 837 3343 mallem
868 3297 977 3370 qnam
1016 3273 1111 3371 ejus,

32 3380 302 3472 quidlorieuses
335 3397 421 3443 snos
452 3373 500 3444 ila
529 3370 661 3462 coluit,
707 3375 869 3445 utimar
898 3377 1032 3448 amicos
1054 3374 1114 3472 jn·

31 3493 123 3555 caules
149 3483 233 3578 ipse
267 3475 455 3546 Doriensia
482 3473 744 3571 appellaretur,
788 3488 851 3547 aut
880 3480 938 3550 cni
969 3479 1113 3576 pietalis
1249 3552 1251 3558 ,
1335 3463 1336 3466 ¹

32 3593 111 3682 alque
132 3578 386 3671 venerationis
403 3575 552 3675 aliquod
572 3575 825 3650 documentum
848 3579 975 3672 adero,
1005 3601 1113 3678 qnam

33 3686 111 3782 cnjus
135 3681 302 3782 insignia
330 3679 375 3751 de
401 3678 517 3751 literis
545 3691 581 3752 et
609 3679 653 3752 de
681 3707 738 3753 me
765 3683 890 3754 merita
918 3680 1112 3782 longinqui

33 3785 145 3862 ilineria
171 3780 381 3888 pericnlum
409 3793 445 3853 et
472 3781 590 3855 salicia
614 3782 753 3854 reditus
780 3781 999 3856 desiderium
1026 3795 1130 3877 tnnc¹

34 3895 155 3965 marimo
200 3891 244 3961 in
289 3885 496 3956 memoriam
541 3897 765 3986 revocarent.
847 3885 929 3958 Deo
966 3886 1114 3984 Optimo

34 3989 164 4068 llaximo
192 3989 306 4062 nliter
337 3989 484 4084 placuit.
566 3986 660 4057 Nam
687 3997 725 4059 cl
750 3986 933 4062 scribendi
960 3989 1113 4062 difficul-

35 4105 88 4186 tas,
131 4119 243 4197 qnam
274 4089 441 4186 inprimi
468 4087 554 4160 libri
588 4088 810 4186 praelatione
839 4102 990 4190 questus
1016 4118 1113 4164 eram

36 4195 202 4294 (spasmum
234 4193 466 4288 scriptorium
492 4191 623 4264 medici
651 4191 808 4294 dicunt),
845 4196 883 4264 in
910 4193 988 4266 dics
1011 4206 1116 4267 ancta

38 4323 127 4400 nequa
166 4301 249 4373 nllo
292 4293 633 4368 medicamentorum
675 4294 733 4365 val
778 4295 990 4368 balneorum
1029 4321 1113 4386 usu,

862 4430 881 4469 ψ
