2712 4818
363 317 397 410 §.
425 320 459 394 1.
509 320 793 400 Prasmonenda.
960 281 964 284 -
1104 323 1128 402 7

84 522 215 588 sedetiam
238 522 441 610 Pausaniae,
474 525 532 616 qui
559 525 745 594 Messenios
772 523 932 590 Doridem
959 527 1127 614 puriorem

81 647 181 688 servasse
205 634 340 690 testatur
366 651 463 716 quam
492 627 638 716 reliquos
666 625 927 715 Peloponnesios
944 630 1004 712 ¹⁰),
1028 629 1125 698 ,Rbo-

79 723 124 788 dos
139 724 246 790 Tiberii
273 736 376 793 aetate
397 728 520 795 Dorice
549 729 704 819 loquutos
731 751 804 794 esse
828 727 1005 796 Suetonius
1027 732 1125 798 tradit

77 850 95 890 c.
110 827 146 894 16.
659 851 663 864 ·

129 929 261 998 Attamen
286 931 317 997 si
339 932 425 998 solas
447 929 684 1021 inscriptiones.
702 932 872 1017 consulas,
900 930 957 1000 vix
978 932 1122 999 eredide-

77 1029 237 1096 risllorieam
258 1033 453 1111 dialectum,
477 1057 560 1121 quac
583 1031 715 1122 quidem
737 1033 845 1123 aliquo
863 1032 940 1120 jure
961 1033 1026 1100 dici
1048 1058 1121 1124 pos·

77 1129 112 1208 sit,
135 1131 163 1198 in
186 1135 352 1226 plerisque
374 1134 507 1199 Derieis
536 1133 720 1199 civitatibus
751 1134 847 1200 adid
869 1135 1025 1226 temporis
1047 1161 1120 1225 per-

73 1231 173 1300 duassc.
224 1234 459 1301 Recentissimi
489 1234 576 1301 enim
598 1235 705 1320 tituli,
739 1236 797 1324 qui
817 1235 977 1302 Doridem
999 1237 1120 1302 medio·

71 1333 134 1400 eriter
156 1359 263 1426 puram
293 1337 467 1423 exhibent,
503 1347 580 1401 sunt
601 1334 781 1426 Byzantius
802 1336 931 1404 Tiberii
957 1338 1012 1404 vel
1032 1338 1120 1405 Cali-

70 1435 131 1519 gulae
145 1447 238 1504 actatc
261 1438 406 1528 scriptus
429 1439 469 1505 C.
494 1438 523 1504 Ι.
546 1462 598 1504 ur.
621 1438 727 1523 2060,
762 1439 924 1528 Cyrenaei
950 1439 1119 1524 nonnulli,

70 1559 121 1623 quos
134 1540 365 1630 frequentatum
384 1541 439 1606 Ti.
464 1540 595 1604 Claudii
621 1565 740 1606 nomen
763 1562 830 1607 non
852 1551 925 1607 ante
946 1539 1121 1611 Tiberium

70 1639 162 1728 scriptos
191 1667 264 1708 esse
295 1642 427 1731 arguit,
470 1641 652 1730 Delpbieus
685 1641 775 1733 apud
803 1640 961 1734 Rossium
987 1665 1039 1708 nr.
1062 1645 1118 1728 71,

74 1763 129 1826 quen
143 1743 238 1811 simili
259 1745 387 1810 ratione
408 1743 612 1833 Vespasiano
641 1767 707 1808 non
730 1743 946 1832 antiquiorem
968 1765 1040 1810 esse
1062 1769 1118 1836 ap·

73 1857 130 1926 pact.
175 1847 241 1912 Sed
267 1847 305 1910 in
325 1844 556 1935 Peloponneso
585 1856 618 1911 et
638 1844 806 1933 Megaride
834 1845 993 1912 maturius
1015 1847 1118 1936 patria

69 1940 138 2031 lingua
160 1948 194 2013 in
214 1948 361 2039 publicis
390 1946 592 2013 documentis
621 1945 792 2012 obsolevit.
846 1946 923 2014 Non
952 1947 1116 2014 credimus

66 2045 153 2132 quidem
174 2050 308 2117 titulum
328 2047 500 2114 bletbanac
520 2071 623 2138 prope
644 2047 858 2116 Troezenem'
871 2057 1048 2136 repertum,
1072 2050 1113 2116 C.

63 2145 80 2208 l.
95 2171 131 2213 ιι.
151 2153 249 2236 1191,
290 2149 434 2239 vulgaris
466 2149 616 2232 dialecti,
660 2149 718 2240 qui
745 2161 796 2216 cst
824 2150 910 2216 circa
943 2174 973 2214 a.
998 2151 1060 2217 160
1081 2174 1112 2217 a.

62 2247 116 2313 Cla.
139 2255 294 2344 scriptus,
335 2277 353 2316 a
385 2252 663 2350 Peloponnesiaco
693 2251 822 2318 civitate
855 2251 997 2342 positum
1025 2275 1112 2338 esse,

60 2350 100 2412 sed
119 2365 160 2420 aut
184 2381 202 2421 a
223 2354 401 2446 peregrino
421 2354 456 2418 in
479 2354 576 2418 Isidis
599 2353 720 2443 templo
742 2353 935 2421 collocatum
958 2364 1013 2419 aut
1034 2377 1112 2420 casu

59 2453 156 2536 quodam
177 2457 367 2523 Methanam
388 2447 526 2520 delatum
551 2454 789 2539 existimamus,
818 2454 984 2542 Megarica
1003 2467 1112 2522 tamen

58 2549 147 2622 decreta
166 2583 193 2624 a.
218 2583 252 2624 u.
277 2559 340 2626 719
362 2556 482 2646 scripta
506 2557 545 2620 C.
568 2557 596 2622 l.
620 2581 672 2622 nr.
698 2557 790 2623 1053.
817 2557 910 2625 1054.
935 2557 1019 2624 1055
1041 2559 1110 2625 vul·

55 2675 132 2737 garam
149 2660 321 2728 dialectum
349 2660 523 2749 praebent,
559 2682 620 2723 nec
648 2658 756 2722 nribus
778 2657 963 2727 Messenius
993 2659 1109 2760 titulus

54 2777 86 2818 ιι.
104 2761 172 2828 1197
193 2787 222 2828 a.
247 2786 282 2827 u.
305 2761 474 2830 764-705
503 2761 644 2852 scriptus
666 2771 699 2826 et
716 2759 802 2830 ,alius
825 2785 876 2825 nr.
901 2762 983 2828 1301
1006 2785 1024 2826 e
1047 2761 1109 2830 Ca-

54 2853 139 2944 ligulae
162 2875 286 2946 aetate,
306 2863 502 2928 ¹Laconicus
533 2887 583 2928 nr.
609 2863 692 2930 1389
721 2861 867 2947 ejusdem
889 2863 958 2930 iere
979 2863 1105 2930 aetatis.

52 2955 194 3032 levissima
216 2977 294 3031 sunt
315 2963 450 3030 Doridis
481 2964 637 3052 vestigia,
675 2987 758 3053 quae
787 2987 891 3053 usque
915 2964 954 3029 ad
974 2965 1108 3032 tertium

50 3079 72 3144 p.
89 3063 153 3132 Cbr.
188 3067 356 3134 saeculum
383 3067 420 3132 in
449 3066 552 3132 titulis
582 3077 636 3132 aut
656 3064 848 3132 resederunt
869 3075 924 3132 aut
944 3077 1020 3156 post
1040 3067 1106 3131 Ha'·

51 3158 161 3234 bianum
196 3169 404 3259 antiquorum
433 3168 695 3236 resuscitatorem
725 3165 983 3256 quaerebantur,
1017 3177 1054 3234 ut
1085 3169 1115 3234 ai.

50 3261 124 3344 πόλις,
144 3272 160 3336 ὁ
182 3275 280 3354 δᾶμος
302 3281 334 3336 ct
354 3269 523 3335 nominum
544 3268 750 3360 propriorum
771 3270 892 3348 formae
914 3269 1068 3336 Doricae.

101 3370 166 3438 lam
185 3399 264 3443 vcro
286 3373 316 3440 si
338 3371 412 3462 quis
435 3373 513 3439 hine
541 3369 695 3458 colligere
723 3370 820 3454 velit,
852 3371 1009 3438 Doricam
1038 3371 1104 3437 dia·

47 3461 132 3536 lectom
152 3476 255 3564 primo
277 3485 333 3540 aut
353 3485 440 3540 certe
462 3473 607 3540 secrurdo
628 3481 757 3538 nostrae
779 3496 871 3538 acrae
888 3473 1018 3540 saeculo
1036 3495 1104 3540 om·

45 3565 100 3634 rino
117 3576 285 3644 extinctam
306 3599 398 3660 esse,
431 3598 499 3641 non
527 3574 648 3641 rectius
673 3572 1018 3668 jardieareritmquam
1046 3577 1105 3665 qui

46 3664 207 3746 Teutonicae
228 3679 361 3768 linguae
383 3677 555 3744 dialectum
577 3674 740 3744 Sassieam
761 3699 821 3764 per
841 3676 903 3742 tria
919 3675 1046 3742 saecula
1068 3678 1103 3744 in

45 3771 153 3856 publicis
174 3779 376 3846 documentis
398 3789 538 3870 sprctam
557 3777 657 3870 plane
678 3803 719 3844 ex
734 3802 790 3842 ore
802 3777 918 3868 populi
933 3779 1103 3846 evanuisse

47 3917 294 3942 Ἢ

69 4012 99 4068 to)
128 4017 207 4074 Paua.
227 4020 282 4076 lv.
308 4039 332 4075 e.
350 4025 392 4078 27.
417 4036 489 4078 extr.
518 4025 578 4078 odae
601 4022 651 4095 τὴν
673 4021 808 4076 διάλεκτον
830 4019 879 4089 τὴν
897 4019 1015 4092 Acipensis
1031 4037 1105 4084 μιτε-
1210 4019 1219 4028 ’
1307 4075 1309 4129 4

46 4091 190 4226 zeelem„
214 4105 287 4159 ἀλλὰ
305 4111 347 4162 καὶ
364 4111 389 4170 ee
410 4108 535 4182 q‘aoicdea
550 4109 581 4165 rai
600 4107 704 4184 ἀκριβὲς
724 4106 807 4178 αὐτῆς
824 4107 1037 4176 fletuumque
1053 4105 1106 4170 uoi-

63 4197 99 4235 aaa
112 4188 259 4252 ἐφύλασσον.
