2716 4818
224 360 298 436 lot
366 309 371 320 Ι
641 362 698 432 De
721 358 920 434 vocalibus.

722 475 727 516 l

226 569 342 635 Herm.
387 569 562 634 Praeterea
583 565 778 633 Boeoticnm
798 569 895 632 utino
925 565 966 634 G.
990 567 1019 633 l.
1051 591 1102 632 nr.
1127 564 1256 651 totas
1285 577 1330 634 tc·

228 683 355 754 statur,
396 671 493 738 etiem
526 670 723 737 severiorem
753 667 914 735 Doridem
942 669 1055 734 πλείων
1081 689 1149 736 non
1174 667 1329 736 mutasse.

230 772 323 859 Quid
346 772 436 861 qnod
465 772 579 838 eadem
605 770 712 850 πλήων
741 769 889 853 αι’μὴων
912 794 937 836 ιι
958 771 1133 838 Prisciano
1156 775 1195 847 Ιὅ)
1225 771 1332 837 Attica

230 876 284 941 vel
305 873 418 939 Ionica
440 899 515 940 esse
537 875 756 956 referuntur'l

314 1000 433 1090 Neque
455 1001 564 1067 minor
586 1000 748 1067 dubitatio
771 1001 812 1067 de
832 999 1047 1091 reliquisset
1063 1001 1214 1091 quamde
1231 999 1334 1078 πλήων

233 1115 266 1171 et
287 1103 385 1186 μὴων.
432 1102 552 1168 θιιιιιὶι
573 1104 648 1191 ejus
672 1103 804 1192 generis
833 1113 928 1180 sunt,
964 1127 1048 1192 quae
1079 1095 1225 1168 ‘vocalem
1253 1115 1268 1162 ῖ
1296 1102 1334 1167 ab

227 1205 363 1296 origine
382 1205 569 1294 postulent,
594 1217 636 1270 nt'
652 1207 754 1290 ὄρειος
779 1229 819 1270 ex
836 1205 942 1290 όρέΐος
956 1217 1068 1271 natum
1085 1215 1156 1287 est,
1179 1204 1336 1270 feminina

229 1308 495 1388 terminationem
519 1333 571 1384 ια,
607 1306 816 1396 comparativi
840 1334 897 1370 ιων
919 1306 1084 1397 propriam
1105 1307 1247 1389 babent,
1283 1331 1336 1372 ne·

234 1433 300 1503 que
320 1401 390 1475 nlla
413 1409 552 1474 certiore
574 1409 700 1500 ratione
723 1409 883 1486 vocalisa'z
906 1409 942 1474 in
965 1409 1034 1475 illis
1056 1419 1247 1488 excusatur,
1270 1410 1337 1475 nisi

234 1511 464 1578 Alcmanicum
500 1511 695 1596 Πασιχάρηα
722 1510 767 1576 ita
797 1511 975 1592 defendero
1007 1511 1112 1594 velis,
1148 1521 1184 1576 nt
1216 1511 1338 1577 rectius

236 1616 304 1682 iota
335 1613 501 1680 subscribi
535 1613 715 1686 contendas
744 1613 843 1679 sicuti
877 1614 911 1678 in
941 1613 1104 1689 Lesbiaco
1133 1616 1339 1700 Κυπρογὲνῃα

184 1798 192 1804 ξ
237 1717 305 1784 vid.
329 1715 412 1781 L.l
441 1714 474 1798 ἕ.
500 1716 559 1791 14,
582 1716 613 1781 3.
659 1713 790 1780 Deinde
813 1715 896 1780 nibil
917 1717 989 1802 ejus
1013 1715 1145 1806 generis
1166 1716 1201 1781 in
1224 1717 1341 1781 melio

239 1819 332 1886 ribus
354 1815 504 1883 lontibus
527 1816 710 1907 reperitur,
744 1841 818 1881 nam
840 1815 932 1897 nihil„
947 1815 1152 1883 auctoritatis
1174 1828 1225 1885 ost
1245 1817 1282 1882 in
1305 1819 1335 1883 li·

240 1922 310 1987 bris
334 1920 486 2009 scriptis,
521 1927 622 2010 quum
646 1943 673 1982 ει
695 1929 727 1984 et
751 1947 768 1996 η
793 1918 988 2007 saepissime
1008 1929 1237 2009 permutentur
1268 1929 1342 2002 (no-

239 2027 302 2109 χῆα
332 2020 452 2112 Epicb.
476 2020 520 2086 82
552 2020 649 2084 etiam
677 2019 754 2085 aliis
793 2020 833 2085 dc
864 2021 973 2088 causis
1008 2031 1197 2111 corruptum
1229 2021 1343 2088 baberi

175 2136 177 2140 ’
241 2123 396 2216 oportet).
451 2119 677 2210 Reperiuntur
704 2121 826 2190 similia
856 2122 890 2187 in
920 2122 1028 2190 titulis
1054 2123 1186 2189 inlimae
1214 2125 1342 2207 aetatis,

241 2229 277 2292 in
299 2226 395 2291 nullo
418 2222 524 2310 magis
546 2247 644 2312 quam
671 2222 706 2287 in
728 2221 887 2312 Byzantio
916 2250 968 2291 nr.
990 2225 1096 2309 2060,
1131 2225 1191 2315 qui
1212 2237 1265 2291 cst
1288 2225 1344 2292 Ti-

244 2327 329 2393 berii
359 2326 413 2392 vel
440 2322 613 2414 Caligulae
640 2335 743 2390 aetate
774 2327 927 2417 scriptus.
982 2327 1034 2393 lbi
1062 2328 1164 2394 babes
1193 2326 1342 2405 uitiosae,

191 2505 194 2516 .
242 2428 363 2517 χρὴας,
388 2425 573 2504 ἕπιτάδηος,
599 2425 802 2506 donatianos,
827 2421 916 2519 quac¹
933 2439 1010 2495 sunt
1028 2429 1137 2496 omnia
1159 2453 1177 2495 a
1200 2430 1345 2520 genuina

179 2569 181 2574 ·
245 2531 370 2600 Doride
392 2529 499 2594 aliena
524 2552 589 2594 non
611 2529 722 2594 minus
756 2553 853 2619 quam
876 2533 1066 2610 ἐπαινῆσθαι
1082 2525 1106 2598 ἰ
1128 2531 1261 2598 mitiore
1283 2533 1345 2620 By-

245 2633 424 2702 zintiorum
441 2630 578 2697 Doride.
623 2631 741 2698 Dicam
756 2633 866 2720 ,igitur
887 2632 975 2722 quod
997 2633 1114 2714 sentio.
1160 2632 1238 2699 Nisi
1252 2636 1346 2701 vebe·

181 2725 184 2733 ¹
247 2747 372 2803 menter
393 2725 507 2809 lellor,
531 2734 730 2799 recentiores
754 2733 956 2821 grammatici
978 2737 1123 2826 etipse,
1145 2745 1181 2802 nt
1201 2733 1345 2817 videtur,

211 2826 213 2832 ¹
247 2835 453 2914 Herodianus
475 2834 720 2900 recentissimae
741 2833 879 2901 Doridis
901 2860 1023 2902 morem
1046 2848 1257 2927 spectarunt,
1293 2837 1347 2928 qni

245 2938 287 3004 ab
303 2936 465 3002 Alcmanc
486 2946 519 3002 et
540 2939 674 3002 omnino
695 2937 736 3002 ab
758 2937 892 3027 antiqua
912 2948 945 3004 et
967 2927 1111 3029 genuina
1125 2939 1255 3006 Doride
1272 2941 1347 3007 alic·

245 3039 403 3107 nissimus
426 3048 487 3104 cst.
628 3051 630 3056 “

330 3168 468 3234 Rectius
500 3168 542 3233 nd
571 3170 656 3236 banc
684 3171 855 3240 referenda
883 3157 958 3237 esse
987 3169 1141 3238 videntur
1167 3167 1271 3252 nri'et
1290 3170 1351 3238 alit

245 3272 320 3359 ejus
342 3270 475 3362 generis
498 3269 651 3352 adverbia
679 3272 746 3339 loci
767 3273 803 3338 in
833 3272 997 3341 severiore
1016 3273 1162 3357 Doride,
1197 3299 1261 3366 pro
1290 3275 1349 3348 πεῖ,

246 3373 336 3466 quod
358 3383 408 3438 est
431 3373 466 3436 in
489 3372 641 3455 mitiore,
671 3375 738 3440 rid.
770 3377 801 3458 ξ.
825 3376 886 3458 tlt,
909 3377 950 3462 23
982 3375 1103 3443 deindo
1128 3376 1352 3443 Tarentinum

247 3475 299 3555 αἰὴ
323 3498 383 3566 pro
406 3476 482 3552 αἰεί,
519 3475 587 3552 vid.
612 3477 642 3560 §-
667 3477 721 3556 45,
746 3478 786 3561 13
824 3491 990 3566 postremo
1013 3472 1076 3563 ὦς,
1111 3477 1234 3559 donoc,
1268 3499 1352 3568 qnae

191 3597 194 3606 ’
246 3579 325 3645 item
341 3575 530 3643 'severioris
557 3577 694 3644 Doridis
715 3587 818 3646 'esse
835 3579 989 3647 videntur
1017 3603 1078 3672 pro
1109 3575 1183 3662 οὖς,
1222 3581 1351 3652 οὔατος,

246 3680 314 3749 vid.
340 3683 369 3764 ξ.
393 3677 446 3746 31.
512 3677 647 3746 Certum
675 3689 725 3748 cst
754 3680 789 3746 iu
819 3682 873 3748 bis
895 3681 938 3797 de
956 3681 1173 3774 productione
1195 3683 1252 3751 vel
1274 3705 1352 3747 eon·

283 3989 327 4050 16)
363 3987 502 4041 Priscian.
523 3987 623 4044 Voi.l
648 4005 674 4059 p.
693 3991 729 4045 87-
745 3989 813 4044 Κιι
841 3989 934 4056 „bane
958 3987 1026 4044 ver'o
1044 3991 1227 4049 mutationem
1253 3990 1288 4049 ci
1308 3991 1356 4046 di·

248 4074 385 4146 phthongi
414 4074 442 4126 ln
474 4092 490 4128 e
516 4075 629 4145 longum
653 4077 758 4130 iaciunt
782 4093 859 4130 more
881 4075 1029 4133 lonicoct
1046 4077 1153 4134 Attico.
1199 4079 1253 4136 nli
1276 4079 1356 4131 enin

245 4161 310 4236 ᾐδῆν
337 4177 390 4230 pro
419 4159 493 4215 ιῖὅιῖν
519 4162 618 4216 dicunt
643 4159 718 4236 (ᾕδην
746 4177 797 4234 pro
819 4163 900 4239 ᾔδειν)
924 4172 952 4218 ct
976 4169 1043 4240 μῇον
1060 4179 1113 4236 pro
1129 4169 1202 4230 μεῖον
1218 4176 1250 4223 ct
1266 4165 1336 4237 ul

246 4264 299 4322 pro
316 4247 432 4302 νιλεῖιινέί
587 4252 592 4262 “
