2726 4820
139 347 170 441 §.
193 349 252 424 36.
282 349 339 422 De
361 349 630 452 conjugationis
650 349 791 425 ratione
811 351 1015 428 communi.
1051 353 1129 430 299

42 555 351 635 Ηττοα1.11,26.28
373 556 598 638 ἕδοκαξάμεθα,
622 557 900 640 κατεδαοοάμείία,
923 583 1023 648 saepe
1040 585 1128 627 uers-

43 657 237 740 ίαοοοίμεθα,
273 670 306 726 et
329 659 420 725 Cret.
445 657 529 726 3⁰58
550 658 760 745 χαριξιόμεθα
783 673 866 744 etta,
898 662 1020 728 deinde
1043 664 1133 752 apud

42 759 258 850 Epicharmum
281 764 324 827 ir.
348 759 411 828 167
431 761 627 844 θωοούμεθα
650 773 682 827 et
704 763 885 830 seeundum
908 764 1001 830 Anu.
1017 765 1130 830 'Behln

41 863 134 945 99,3
165 864 345 945 δεοίμεθα,
390 862 477 952 apud
505 862 709 954 Sophronem
742 865 785 930 fr.
809 867 851 932 34
882 865 1129 950 ἇαραττζόμτίία,

40 964 74 1028 42
91 965 240 1046 θάμεθα,
264 967 412 1034 Acbarn.
430 966 494 1032 722
516 964 732 1048 ἀπολοίμεθα,
756 968 881 1056 ubique
903 971 990 1058 apud
1011 969 1132 1036 Archi·

39 1067 165 1134 medem.
212 1068 293 1134 Item
316 1069 352 1133 in
374 1067 557 1155 Lysistrata
581 1082 659 1136 snut
681 1068 894 1152 ἀμβαλώμεθα
918 1071 1022 1157 1996,
1052 1099 1133 1138 neo·
1208 1147 1209 1154 ¹

41 1172 165 1252 οαίμεθα
188 1172 291 1254 1272,
313 1169 480 1259 pleniores
504 1171 627 1238 formae
648 1171 880 1253 ποιησώμεσθα
904 1174 987 1242 1006
1008 1187 1041 1241 et
1064 1175 1133 1242 ded-

38 1283 131 1350 μεοθα
154 1273 238 1340 1164
261 1279 396 1362 potitae,
419 1295 487 1338 non
507 1273 629 1340 Doridi
650 1273 843 1340 tribuendae
865 1275 1030 1344 videntur.

111 1377 147 1456 7)
190 1375 339 1444 Tertia
375 1376 563 1465 pluralis
595 1376 782 1464 optativi
817 1375 852 1442 in
888 1376 1132 1465 subjective

38 1477 169 1558 Dorice,
203 1479 317 1546 lonico
347 1489 380 1544 et
398 1478 538 1546 Aeolice
566 1477 601 1542 in
627 1503 682 1542 ατο
704 1479 796 1545 exire
818 1479 1013 1546 traditorie
1036 1482 1129 1548 Ann.

39 1579 116 1646 Oxx.
150 1582 288 1668 1‚148,
314 1581 376 1663 32,
409 1591 446 1648 ut
474 1578 595 1662 πλῴατο
617 1577 685 1664 (t).
719 1603 862 1669 quocum
893 1591 1134 1671 componuntur

36 1688 203 1767 πυθοίατο,
226 1687 429 1770 κεχαροίατο,
453 1684 616 1767 μαχοίατο.
660 1681 760 1748 Nunc
783 1683 819 1747 in
840 1683 1036 1751 certioribus
1058 1686 1132 1752 fon·

37 1785 116 1852 tibus
137 1790 217 1854 haee
240 1787 344 1852 forma
368 1809 434 1851 uon
456 1785 597 1874 legitur,
621 1785 768 1873 vulgaris
790 1787 1013 1872 παραγένοιντο
1031 1786 1129 1855 Corn.

37 1889 126 1966 1845,
152 1890 184 1955 7.
230 1888 348 1978 Neque
370 1899 479 1954 tamen
504 1888 715 1976 grammatico
728 1935 739 1970 ,
761 1889 819 1978 qai
843 1889 876 1954 in
899 1888 1058 1978 proximis
1080 1889 1131 1956 in-

35 1988 158 2079 signem
180 1990 361 2056 doctrinam
390 1990 521 2081 prodit,
555 2015 684 2058 omnem
711 1992 810 2060 fidem
841 1992 1004 2078 denegare
1033 1992 1132 2060 audc-

36 2115 120 2175 mus,
144 2092 221 2183 quia
244 2093 391 2182 uulgaris
412 2091 619 2176 terminatio,
649 2119 747 2183 quam
770 2093 946 2164 Homerica
970 2093 1131 2162 dialectas

35 2193 200 2278 abhorret,
240 2196 405 2261 recentior
432 2219 508 2261 csse
527 2195 676 2279 videtur,
711 2198 779 2264 vid.
803 2195 936 2266 dissert.
961 2209 1066 2264 nostr.
1090 2197 1131 2266 de

34 2299 114 2383 conj.
138 2297 176 2361 in
197 2324 232 2378 μι
254 2322 288 2387 p.
312 2299 364 2364 12.
391 2298 444 2364 13.

112 2397 151 2485 8)
197 2401 439 2486 Augmento
470 2399 643 2491 temporsli
676 2427 697 2464 α
728 2402 764 2466 in
799 2403 819 2466 ἆ
850 2401 1062 2492 producitur,
1097 2415 1137 2472 ut,

34 2496 120 2588 ἆγον,
145 2490 292 2586 bryseae,
313 2501 463 2570 Archim.
489 2503 529 2568 de
552 2503 663 2570 Helic-
686 2526 719 2589 p.
743 2501 807 2568 217
828 2500 1030 2584 wittingen,
1051 2531 1133 2586 προ·
1250 2555 1252 2562 .

32 2601 155 2687 ἄγαγεν,
181 2605 303 2694 ρ.’230
325 2605 462 2690 ἄρξατο,
486 2603 527 2670 de
550 2603 691 2669 Conoid.
716 2625 749 2691 p.
764 2601 829 2668 257
851 2603 1019 2685 ἀπόοησα,
1041 2605 1132 2696 quod

30 2728 66 2770 ex
87 2705 246 2772 omuibus
267 2707 338 2774 fere
358 2707 455 2774 libris
478 2731 538 2798 pro
559 2705 711 2788 ηἀὀρηοα
724 2705 964 2772 restituendum
980 2719 1031 2773 est
1052 2719 1130 2794 ete„

28 2809 89 2875 vid.
123 2809 158 2892 ξ.
184 2809 243 2886 19,
266 2811 308 2894 2,
353 2809 576 2898 diphthongus
607 2834 641 2872 αι
671 2818 781 2873 utrum
809 2809 846 2874 in
876 2835 896 2891 ᾳ
925 2821 1067 2886 mutetur
1095 2825 1133 2880 ut

30 2909 153 2995 ᾴοίθη,
175 2934 226 2976 ἀττ
258 2909 438 2976 retineatur
469 2922 507 2975 ut
530 2912 664 2989 αἰαίθη,
696 2909 840 2976 dubitari
866 2923 987 3000 potest.
1041 2915 1132 2982 ltlud
1258 2959 1261 2975 ι

24 3015 131 3100 primo
156 3013 271 3078 obtutu
293 3013 546 3079 convenientius
576 3013 718 3080 videtur.
773 3015 821 3079 At
853 3015 883 3078 si
913 3019 1129 3106 reputaveris,

24 3115 251 3206 diphthongos
272 3141 299 3180 τι
321 3125 353 3180 et
374 3141 406 3182 οο
429 3115 516 3204 apud
536 3115 721 3184 Dorienses
742 3127 919 3206 augmento
940 3143 1008 3184 non
1031 3120 1128 3205 affici,

21 3220 192 3310 propriam
216 3217 456 3306 diphthongum
479 3244 511 3282 m
542 3218 732 3286 servandam
758 3218 945 3304 judicabis,
978 3221 1013 3286 id
1041 3224 1131 3311 quod

21 3321 150 3388 iactum
173 3332 224 3386 est
247 3321 281 3384 in
302 3319 558 3386 libris-Pindari
581 3320 649 3384 vid.
674 3321 706 3402 ἓ.
731 3322 796 3397 19,
820 3321 842 3386 2
861 3332 893 3385 ct
914 3321 1130 3392 Archimedis

19 3423 84 3488 vid.
123 3425 160 3506 β.
186 3421 247 3506 35,
270 3425 303 3490 2.
358 3422 412 3489 De
445 3424 650 3511 diphthongo
679 3445 706 3488 τι
736 3435 862 3490 servata
891 3424 967 3490 vide
998 3426 1054 3492 Et.
1078 3425 1127 3492 M.

17 3525 105 3604 419,
134 3525 206 3606 44,
239 3525 335 3610 cujus
356 3525 582 3592 testimouium
604 3525 773 3592 attulimus
795 3529 827 3608 ξ.
851 3527 894 3592 25
923 3538 992 3595 not.
1016 3529 1057 3611 3,
1088 3528 1129 3595 de
1154 3529 1164 3536 “

17 3654 47 3691 οι
81 3649 190 3716 snpra
219 3627 252 3710 §.
275 3627 338 3708 35,
361 3630 383 3694 2
404 3628 553 3715 exempla
585 3630 714 3708 οἴκημαι
737 3635 769 3692 et
791 3627 1011 3710 οἰκοδόμημαι.
1066 3627 1129 3696 Di·

13 3731 220 3818 phthongus
243 3754 281 3792 αα
301 3730 414 3796 itidem
438 3753 504 3796 nou
525 3739 681 3806 mutatur,
703 3741 739 3798 ut
762 3729 878 3806 αὕξηστ
902 3732 968 3796 vid.
983 3736 1014 3814 ἕ.
1034 3733 1088 3815 19,
1107 3733 1129 3800 2

12 3857 132 3922 neque
159 3855 192 3894 ευ
214 3840 246 3896 et
268 3857 304 3898 ou
326 3832 494 3918 augmenti
515 3831 713 3898 amantiores
735 3830 860 3897 suerint
879 3857 978 3920 quana
1001 3835 1036 3898 in
1057 3836 1133 3902 vub·

10 3937 85 4024 gari
111 3934 248 4022 lingna.
281 3971 321 3984 --
365 3933 498 4000 initiale
526 3933 662 4000 setiam
684 3955 797 3998 eorum
819 3933 1013 4019 verborum,
1045 3961 1128 4026 qnae

8 4040 122 4128 vulgo
161 4059 188 4098 te
222 4047 414 4117 assumunt,
452 4036 487 4101 iu
520 4036 685 4102 severiore
705 4033 833 4102 Doride
861 4035 896 4100 iu
926 4036 1055 4120 nabit,
1091 4027 1128 4103 ut

8 4135 112 4226 ιῖχοο,
156 4136 285 4203 mitiore
307 4137 434 4204 Doride
466 4139 632 4226 vulgarem
662 4138 820 4205 rationem
852 4150 1022 4220 servante,
1056 4140 1124 4206 vid.

8 4242 34 4326 ξ.
61 4243 137 4317 25,
167 4239 196 4305 1.
221 4263 251 4304 c.
