2746 4818
165 345 200 436 §.
222 343 283 420 41.
322 349 380 424 De
400 347 656 450 conjugatione
678 347 835 446 perfecti
857 362 893 422 et
911 372 986 422 aon.
1007 349 1035 422 1.
1079 347 1155 428 831

58 549 266 616 Theocritum
289 551 326 634 1,
350 551 414 618 102
436 548 572 614 necte...
593 573 612 616 e
634 549 747 616 codiee
768 551 797 616 P
819 561 853 616 et
872 551 1068 636 Buotuthio‚
1095 552 1155 643 qui

60 655 192 718 δεδυκοῒα
214 654 329 742 (volgo
352 651 491 730 dedeina,
522 653 620 742 ponci
640 653 717 718 lihni
741 649 898 740 δοόὑκηο).
943 654 1022 722 Alia
1042 653 1155 720 infini-

57 753 112 820 tivi
134 755 322 822 terminatio
343 754 547 844 conspicitur
566 756 602 821 in
623 755 747 822 tubulis
768 755 1066 841 Hcmclcenoihus‚
1096 755 1156 824 uhi

57 855 90 938 1,
121 858 166 922 74
197 862 428 941 oecumenium
436 908 448 937 ,
482 859 519 942 Ι,
548 858 612 926 107
642 861 942 942 ποποωγμυκυκῆμεν
973 857 1154 927 secuudum

56 959 239 1048 analogium
266 959 441 1026 verborum
467 960 504 1026 in
525 985 572 1044 μα.
627 960 757 1028 Similis
786 961 893 1026 formu
921 960 1008 1048 opud
1034 960 1155 1028 Auchi·

54 1061 179 1127 medem
200 1062 325 1150 legitur
347 1062 388 1128 dc
409 1063 508 1128 Plan.
530 1063 619 1152 Acq.
649 1088 683 1154 p.
710 1064 732 1131 8
766 1062 844 1128 ὥστε
872 1060 912 1126 coi
932 1060 1076 1143 τμάματα
1099 1061 1156 1126 αὖ·

5 1179 7 1186 ’
53 1166 105 1238 τοῖς
129 1163 389 1248 ἀντιπεποοθεμεν
411 1162 491 1230 κατὰ
512 1164 566 1230 τὸν
587 1163 683 1232 αὑτὸν
702 1164 795 1248 λόγον
814 1165 880 1240 τοῖς
901 1163 1082 1248 μεγέθεσιν,
1104 1162 1156 1230 in·

54 1277 124 1356 epte
156 1267 247 1334 enim
274 1267 310 1332 in
341 1267 487 1334 editione
510 1267 697 1334 Oxonieuei
727 1267 933 1334 ἀντιπέπονθε
954 1265 1008 1348 μεό
1029 1265 1156 1334 editum

4 1413 5 1418 η
53 1379 111 1434 cst.
156 1369 272 1459 Vulgo
302 1369 339 1434 io
370 1371 519 1458 ejusdem
553 1369 650 1436 libris
683 1370 836 1460 vulgcreo
868 1370 998 1436 formae
1024 1375 1158 1434 τετελευ-

51 1471 200 1552 τηκέναι,
232 1473 471 1538 πεπιστευκέναι
493 1482 557 1538 cte.
587 1472 695 1540 editae
718 1482 806 1538 sunt.
863 1470 1077 1538 Similiimum
1103 1481 1158 1540 cet

51 1577 232 1658 προαδέμεκ
261 1575 347 1665 opud
368 1573 551 1662 Archytam
572 1575 608 1638 iu
624 1573 782 1662 Append.
807 1571 901 1640 Stoh.
922 1571 1028 1642 Gnisf.
1049 1599 1084 1664 p.
1097 1575 1154 1642 40.

51 1673 148 1757 Quod
169 1673 297 1761 γεγάμεν
318 1677 355 1743 in
378 1678 434 1744 Et.
461 1675 510 1742 M.
535 1677 619 1759 224,
643 1675 684 1741 53
706 1675 868 1744 Doricum
888 1685 1047 1760 vocatur,
1077 1701 1156 1767 pro·

3 1821 4 1846 ;
48 1791 118 1867 pter
138 1779 402 1846 terminationem
425 1805 480 1862 μεν
494 1780 624 1845 ductum
644 1789 706 1844 cst.

130 1885 167 1961 4)
212 1883 450 1972 Perticipii
478 1881 698 1950 masculinum
728 1891 762 1946 et
792 1891 946 1948 nentrum
976 1907 1051 1950 cum
1080 1885 1156 1952 vul-

49 1986 118 2073 gari
140 1983 269 2052 ratione
291 1985 376 2051 nihil
390 1985 590 2076 discrepent,
614 1995 650 2050 ut
665 1980 865 2058 intonandum
878 1983 988 2052 Rhcd.
1006 1985 1106 2072 2525,
1116 1987 1154 2068 h,

48 2085 196 2170 εἰρηκότα
217 2087 329 2154 Rhod.
352 2086 461 2171 2905,
495 2085 720 2173 μεταλλαχότος
741 2084 844 2151 Ther.
868 2087 973 2166 2448,
1011 2090 1155 2156 ἐκδεὸκα.

46 2189 123 2254 κότα
144 2201 179 2255 et
199 2187 413 2272 πεφυτευκότα
435 2189 589 2274 Hercei,
614 2189 848 2274 συμμεμυκότα,
872 2192 1151 2276 παρεξεστακότος,

46 2290 233 2371 ἐσκληκότες
255 2291 377 2382 Epich.
397 2293 450 2358 23.
470 2292 625 2367 94106,
649 2317 757 2382 neque
779 2316 925 2383 unquam
948 2293 1045 2362 nlitcr
1066 2297 1154 2385 epod

44 2394 300 2474 Archimedem,
330 2405 368 2460 ut
389 2395 430 2460 de
450 2394 561 2462 Helie.
585 2419 619 2484 p.
641 2395 707 2462 220
727 2394 919 2477 μεμεκακός,
943 2396 984 2461 de
1007 2396 1154 2468 Conoid.

1 2565 2 2574 ,
43 2522 76 2586 p.
91 2499 161 2566 272
184 2493 366 2574 decoratio,
390 2521 425 2586 p.
437 2497 501 2564 289
523 2497 731 2579 ἀκεοτακότα,
754 2495 860 2561 Aren.
876 2519 912 2586 p.
925 2497 987 2563 331
1004 2522 1154 2564 κεκοονω-

42 2600 232 2679 conducet,
265 2599 604 2683 μεταλελαβηκὸτεοοκ,
640 2597 929 2681 πεφροντικότεοσκ.
974 2597 1152 2668 Pindarico

42 2702 251 2788 κεχλάδοντας
283 2714 316 2768 et
342 2705 554 2790 πεφρίκοντας
585 2701 685 2791 Pyth.
716 2697 780 2785 IV,
802 2701 876 2768 179.
901 2700 962 2767 183
991 2701 1103 2792 potius
1133 2729 1152 2772 e

41 2805 210 2872 Lesbiam
232 2803 373 2871 dialecto
392 2804 498 2896 repeti
519 2813 647 2892 oportet
668 2826 766 2893 quum
790 2827 809 2868 c
829 2803 954 2869 Dorice
974 2803 1043 2870 vid.
1066 2805 1109 2872 L.
1135 2809 1152 2874 I

41 2908 72 2990 ἓ.
87 2909 150 2994 27,
163 2909 197 2975 2.
232 2906 382 2975 Pessime
404 2931 422 2972 n
444 2905 647 2997 quibusdum
666 2905 875 2972 ἐκλελάθοκτα
895 2907 1040 2975 Thence.
1060 2910 1091 2995 l,
1108 2910 1150 2978 63

38 3012 80 3076 nd
102 3012 291 3102 perfeetum
314 3011 453 3076 celatum
474 3018 553 3076 cst·
660 2995 666 3007 ’

131 3111 343 3180 Feminionm
373 3111 461 3199 opud
491 3111 670 3203 plerosque
699 3114 916 3181 Doriensinm
948 3118 1151 3184 terminatio·
1236 3147 1239 3158 ,

35 3243 118 3286 nem
151 3219 200 3279 cie
229 3215 371 3280 habehat
392 3239 452 3303 pro
472 3217 546 3294 υἷα,
583 3216 681 3303 cujus
709 3217 844 3304 generis
874 3241 964 3283 nuuc
992 3221 1153 3309 leguntur

35 3319 193 3408 iponycia
215 3315 350 3384 Hercul.
374 3315 416 3382 B.
431 3317 473 3383 17
493 3340 612 3406 seqq..
631 3319 867 3402 ἕποτετελεκεῖα,
890 3321 1052 3400 ἕστακεῖα,
1079 3347 1151 3386 ουκ-

32 3423 214 3508 αμαμοχεῒα
242 3420 345 3485 Ther.
376 3421 474 3488 2448.
511 3421 548 3504 l,
570 3420 625 3488 27.
649 3422 711 3504 28,
743 3433 776 3486 et
804 3421 840 3485 in
870 3419 981 3509 Myiee
1009 3424 1150 3516 epistole

30 3551 86 3591 nr.
116 3521 165 3590 13
188 3520 293 3588 Orchi.
325 3543 366 3588 ex
388 3521 523 3610 notique
543 3521 687 3588 lectione
709 3547 783 3588 ποτε
805 3525 921 3599 οἰκείας
941 3524 1028 3589 hnud
1049 3525 1150 3592 dubie

29 3652 107 3694 non
136 3626 336 3700 ποττοοκοίας
355 3648 430 3688 cum
450 3622 581 3690 liocnio
601 3626 643 3690 ed
667 3624 769 3713 Gncg.
793 3624 834 3690 C.
858 3650 893 3715 p.
916 3626 977 3694 191
1001 3636 1033 3691 et
1055 3627 1151 3696 Oecl-

27 3732 82 3799 lio
111 3725 323 3794 efficiendum
343 3736 416 3803 esi,
452 3726 512 3792 sed
533 3731 739 3802 ποτεοικεῖας.
769 3767 811 3778 -
854 3728 956 3819 Apud
975 3728 1149 3797 Archime-

29 3835 118 3898 dem
142 3828 341 3895 i'emininnm
362 3827 403 3894 ed
425 3828 694 3920 conjugationem
716 3828 751 3893 in
775 3856 800 3893 ω
822 3829 987 3913 deflectit,
1019 3857 1150 3915 μεμεαα-

26 3938 147 4004 κοῦσα
171 3929 212 3998 de
236 3930 378 3997 Conoid.
403 3956 437 4022 p.
460 3932 537 3999 257.
560 3931 636 3999 258.
659 3930 744 4008 259,
773 3929 990 3996 decoramine
1014 3959 1046 4023 p.
1070 3935 1145 4004 268.

25 4038 116 4106 270.
135 4035 229 4116 272,
253 4033 293 4099 de
315 4058 453 4124 quorum
475 4035 653 4100 formarum
674 4045 809 4100 accentu
833 4033 921 4098 inim
942 4033 1103 4102 dicemus.

133 4136 169 4215 5)
202 4137 693 4226 Plusqucmperfcctum,
719 4137 759 4204 de
781 4136 879 4225 cujus
901 4135 1058 4225 genuinis
1079 4140 1146 4204 for-

22 4244 102 4310 mis
143 4237 265 4304 Atticis
293 4263 409 4330 purum
437 4249 587 4317 constet,
620 4239 656 4305 in
676 4241 804 4308 Doride
824 4239 929 4306 multo
950 4238 1047 4306 etium
1069 4240 1146 4331 pluo
