2742 4814
277 379 395 472 b49·
449 383 508 456 De
528 381 718 457 serenore
738 379 889 458 Doride.
940 361 942 364 ¹
1059 385 1138 468 415
1173 447 1177 456 .

119 590 156 669 2)
200 587 408 654 Laconica
442 587 557 676 lingua
590 588 685 678 plura
716 586 897 680 peculiaria
925 589 1025 655 babet
1053 602 1086 656 et
1118 617 1136 658 a

36 691 184 782 reliquae
205 689 365 773 Doridis,
398 689 496 755 ctiam
523 690 717 776 severioris,
750 691 991 757 consuetudine
1013 693 1136 778 aliena,

36 819 130 883 qaam
153 793 223 858 ulla
245 791 310 857 alia
330 791 474 857 Doricae
497 791 629 859 dialecti
652 789 793 885 specics.
844 793 930 880 Ejus
950 794 1136 885 proprietas

34 897 83 961 his
105 894 314 984 potissimum
338 894 543 960 continetur=
570 946 578 988 ,

118 996 263 1062 Vooalcs
285 1022 305 1074 η
328 1007 362 1061 et
383 1023 408 1060 ω
430 1021 491 1087 pro
513 995 729 1086 diphthongis
750 1019 779 1060 ea
800 1007 833 1062 et
854 1021 892 1062 av
920 999 1052 1086 saepius
1080 1023 1137 1066 cx-

33 1099 126 1164 hibet
148 1122 248 1188 quam
270 1096 399 1189 reliqua
420 1098 525 1164 Doris
549 1097 706 1165 severior.
760 1099 930 1166 Abhorret
951 1099 1039 1166 enim
1062 1125 1137 1169 cum

34 1203 164 1290 vulgari
187 1201 304 1292 lingua
325 1224 544 1267 consonarum
565 1225 605 1266 οσ
626 1200 914 1287 conjunctionem,
942 1225 1039 1292 quam
1060 1229 1138 1294 para

33 1301 245 1370 Cretensium
267 1325 341 1369 cum
363 1303 502 1392 Argivis
525 1314 716 1382 servarunt,
746 1312 779 1369 et
799 1313 1015 1370 exuemaram
1038 1309 1137 1395 sylla·

31 1406 150 1472 barum
172 1404 435 1494 correptionem,
460 1403 515 1470 cui
535 1405 687 1496 plerique
710 1403 885 1472 Cretenses
907 1417 940 1472 et
961 1406 1136 1498 Cyrenaei,

30 1509 143 1574 minus
165 1506 317 1573 Italiotae
345 1520 579 1591 assueverunt,
616 1508 651 1572 in
682 1506 911 1598 quotidianum
942 1533 1040 1578 usum
1068 1535 1137 1579 aon

32 1608 186 1676 admittit.
238 1610 353 1698 ltaque
375 1609 541 1674 Laconica
564 1622 642 1675 sunt
663 1614 775 1692 μῶσα,
808 1618 931 1695 ἵπποις,
964 1614 1063 1696 λε’γην.
1094 1653 1137 1666 --

30 1712 176 1779 Vocales
199 1735 234 1777 ao
255 1735 385 1801 semper
407 1711 441 1777 ia
464 1737 494 1778 οο
525 1723 580 1776 aut
609 1737 647 1776 aar
670 1713 810 1796 abeunt,
840 1739 881 1778 aar
913 1713 950 1780 iu
979 1739 1036 1790 ιω,
1070 1716 1137 1783 uisi

32 1837 135 1904 quum
158 1813 343 1879 immutatas
364 1815 470 1878 teucri
493 1824 639 1903 oportet,
675 1825 710 1880 ut
734 1814 921 1900 ἀπορίομες,
958 1813 1135 1899 daiberto,

31 1919 162 1980 ἕπαιοίω
185 1914 253 1982 vid.
279 1911 390 2002 §.tlh
416 1917 446 1982 1.
490 1915 609 2008 Aequo
631 1917 782 2008 plerique
805 1917 1024 1986 Cretensium.
1069 1920 1137 1988 No·

29 2031 140 2083 umus
169 2017 268 2083 etiam
298 2017 388 2096 σούς,
425 2018 513 2108 quod
545 2019 633 2107 apud
649 2031 787 2109 'partem
820 2019 1028 2089 Cretensium
1062 2022 1138 2099 θοός

29 2121 190 2204 sonabat,
212 2144 273 2208 pro
294 2119 372 2195 θεός
395 2118 462 2187 vid.
487 2121 519 2203 5.
546 2121 599 2204 17,
622 2123 654 2187 3.
685 2161 728 2173 -
772 2120 856 2187 Cum
879 2122 1020 2192 ltaliotis
1041 2123 1136 2194 verbi

28 2223 228 2289 substantivi
249 2221 459 2312 participium
481 2223 599 2297 ἔνο-ος
617 2245 790 2292 comanuue
811 2225 934 2292 habeut
952 2227 1020 2294 vid.
1034 2228 1067 2313 ἕ.
1079 2227 1135 2296 40.

118 2324 300 2414 Sequentia
321 2350 338 2391 a
362 2327 509 2416 reliquae
525 2325 701 2390 severioris
714 2325 851 2392 Doridis
869 2352 931 2393 asu
949 2329 1135 2398 discedunt.

26 2427 149 2518 Sigara
171 2427 260 2492 iuter
280 2428 411 2494 vocales
433 2429 468 2492 iu
484 2428 635 2517 spiritum
649 2451 801 2516 asperum
819 2433 1030 2498 convertendi
1049 2457 1135 2512 mos,

26 2543 66 2597 ut
90 2531 217 2605 ἕποὶηὲ,
241 2528 382 2618 Argivis
402 2531 587 2594 communis
608 2541 730 2612 estet,
760 2533 971 2618 grammatico
994 2534 1137 2625 quodam

22 2643 133 2711 teste,
170 2631 398 2720 Pamphyliis,
428 2631 697 2708 Eretriensibus‚
732 2631 870 2722 Oropiis
890 2634 959 2699 vid.
975 2627 1014 2719 ἕ.
1038 2637 1070 2704 9.
1094 2677 1138 2690 -

25 2735 150 2824 Sigma
172 2732 208 2797 iu
231 2757 250 2816 ρ
271 2746 429 2801 mutatum
453 2743 503 2798 est
523 2756 541 2797 a
562 2733 753 2800 Laconibus
781 2746 818 2800 ut
846 2735 887 2800 ab
909 2733 1024 2822 Eleis,
1054 2737 1138 2806 Ere·

21 2835 215 2904 triensibus
249 2847 281 2899 et
318 2836 458 2907 fortasse
491 2833 778 2904 Chalcidensibus.
846 2837 1009 2926 Ejusdem
1049 2842 1137 2932 apud
1250 2868 1251 2874 ¹

24 2942 151 3007 Cretes
173 2936 364 3003 mutationis
386 2961 489 3003 anum
510 2939 689 3030 vestigium
711 2939 873 3031 reperitur
893 2939 960 3008 rid.
984 2941 1018 3026 ἓ.
1037 2943 1070 3011 8.
1094 2983 1137 2996 -

18 3040 228 3110 Laconibus
249 3038 328 3104 solis
351 3041 521 3128 proprium
544 3052 595 3107 cst
618 3067 637 3106 a
658 3065 718 3131 pro
738 3051 783 3122 θ,
817 3044 915 3130 cujus
944 3047 1136 3113 mutationis

18 3158 123 3214 extra
140 3142 339 3208 Laconicam
362 3142 538 3208 dialectum
559 3145 688 3210 nullum
712 3169 851 3235 usquam
873 3146 1060 3236 exemplum
1082 3171 1136 3214 su-

15 3255 164 3340 perstes
185 3254 236 3307 est
257 3255 385 3332 praeter
406 3267 503 3312 uuam
526 3247 670 3334 glossam
693 3247 877 3335 Carystiam
897 3246 966 3314 vid.
989 3249 1020 3330 ᾗ.
1037 3245 1070 3313 7.
1093 3289 1137 3302 -

12 3353 100 3418 Pro
133 3344 261 3435 duplici
292 3369 438 3412 consona
468 3352 487 3424 ζ
513 3347 549 3412 in
577 3349 694 3439 primis
725 3348 898 3416 vocabulis
924 3349 1090 3415 Laconice
1120 3351 1141 3413 d
1276 3359 1277 3362 ’
1359 3363 1361 3368 “

12 3449 188 3543 ponitur,
211 3447 247 3513 in
269 3449 388 3514 mediis
411 3452 449 3512 dd
469 3461 505 3514 at
528 3452 648 3532 doipoe,
673 3450 755 3514 o'ddo
777 3449 845 3515 vid.
869 3451 900 3534 ξ.
926 3451 983 3534 12,
1014 3451 1137 3540 pariter

10 3567 132 3645 atque
148 3553 187 3616 in
199 3550 396 3616 Boeotorum
418 3551 579 3636 dialecto,
604 3551 858 3618 elloriensibus
881 3552 945 3618 soli
963 3551 1135 3640 Megaren-
1267 3589 1270 3596 ·

11 3682 81 3725 ses
110 3653 321 3743 aliquatenus
344 3652 417 3738 ejus
439 3653 691 3719 consuetudinis
712 3654 889 3744 participes
904 3654 1008 3718 luisse
1023 3654 1135 3720 videa·

5 3773 94 3829 tur.
124 3795 167 3807 -
210 3756 293 3820 Item
315 3755 468 3821 Lacones
491 3776 564 3821 eum
586 3755 722 3822 Boeotis
746 3781 765 3821 ο
786 3755 962 3846 aliquoties
984 3754 1019 3819 iu
1042 3781 1135 3825 voca·

4 3863 187 3930 balurum
216 3859 323 3922 leonte
345 3867 419 3930 ante
442 3885 459 3922 a
480 3870 513 3924 ct
535 3886 558 3942 φ
581 3860 745 3946 abjectum
767 3881 939 3924 commune
959 3857 1079 3924 habeut
1099 3871 1136 3925 ut

4 3969 77 4050 φίν
108 3983 169 4051 pro
194 3962 268 4040 oola
288 3959 357 4026 vid.
381 3961 411 4042 ᾗ.
432 3959 493 4045 15,
516 3959 548 4026 3.
593 3963 765 4027 Postremo
788 3959 953 4026 communi
975 3962 1137 4028 recentio-

4 4091 104 4135 rum
128 4063 299 4127 Laconum
324 4073 356 4126 et
378 4060 577 4129 Boeotorum
598 4087 688 4130 more
711 4090 747 4130 ου
766 4087 826 4154 pro
847 4087 866 4124 υ
889 4062 1045 4128 scribitur
1063 4063 1136 4130 vid.

4 4191 24 4257 ἒ
86 4271 88 4278 ’
118 4267 213 4336 llaec
234 4268 303 4333 lere
326 4278 423 4353 sunt,
458 4265 582 4359 quibus
605 4267 769 4334 Laconica
790 4267 906 4356 lingua
926 4265 1066 4332 maxime
1088 4267 1138 4332 di·
1188 4359 1191 4370 Ι
