2716 4818
220 342 296 420 18⁰
627 341 704 414 De·
711 337 911 414 vocalibus

201 547 284 608 ‘vus
308 495 457 658 praeter·
457 537 567 614 Λατός
588 563 639 604 ιιι.
665 539 749 607 1688
777 563 843 606 non
872 537 1007 628 iegitur.
1062 534 1207 628 ltaque'
1199 558 1230 599 ιιι
1254 529 1295 596 his

223 669 304 711 usus
326 642 391 710 sibi
414 641 524 706 minus
543 641 732 708 constitisse
761 641 902 707 videtur.
959 640 1147 707 Ceterum
1139 663 1172 704 ιιι
1197 633 1297 702 iisdem
1339 647 1340 654 ’

223 747 328 813 titulis
343 743 657 834 praepositionem’
641 771 672 818 ις
696 767 755 834 pro
778 747 821 820 εἰς
842 767 915 811 esse
938 743 1022 826 (nisi
1037 742 1173 831 qood
1146 767 1187 816 εις
1206 734 1298 802 nescio
1339 809 1340 822 ξ

224 875 290 940 quo
313 871 391 913 casu
414 871 464 910 nr.
488 845 593 928 2556,
619 847 693 928 11),
716 846 906 912 docebimus
928 845 963 929 ᾗ
984 846 1039 912 43.

309 950 349 1016 ln
371 948 493 1014 tabulis
515 947 808 1030 Heracleensibus,
831 972 914 1037 quae
932 948 1079 1036 reliquas
1101 942 1300 1032 correptiones

225 1055 380 1144 ignorant
402 1053 491 1131 (narn
514 1049 675 1138 praebent
695 1047 757 1124 τιὺς
776 1049 907 1134 χώραις,
937 1046 1235 1132 καταλυμακωθὴς),
1264 1041 1302 1104 it·

226 1153 373 1224 finitivus
402 1176 469 1218 non
497 1161 682 1218 contractus
710 1151 891 1241 praesentis
927 1152 1119 1243 saepissime
1142 1162 1174 1217 et
1195 1163 1304 1232 semper

228 1257 376 1323 ultimam
397 1253 556 1343 corripit,
586 1275 647 1318 nec
670 1253 739 1318 fere
761 1252 968 1330 dubitamus,
992 1255 1072 1344 quin
1095 1247 1246 1318 infinitivi
1264 1266 1305 1308 ro·

168 1379 169 1382 ’
228 1358 302 1426 risti
324 1356 461 1424 secandi
485 1366 518 1420 et
538 1354 711 1421 verborum
734 1354 767 1418 in
793 1378 833 1417 ιω
855 1355 931 1420 item
957 1357 990 1420 in
1015 1382 1046 1420 εν
1067 1353 1187 1422 exituri
1201 1355 1305 1420 essent

231 1460 260 1526 si
282 1459 429 1547 exempla
451 1457 625 1540 adessent,
658 1456 1016 1548 Pseudo-Pythagorei
1045 1452 1134 1523 enim
1163 1477 1233 1522 euru
1253 1448 1307 1512 Do·

229 1561 365 1628 rismum
395 1560 507 1650 paullo
538 1558 788 1626 reconditioreur
816 1584 834 1624 e
865 1561 1019 1648 genuinis
1046 1561 1309 1649 Pythagoreorum

233 1662 366 1752 seriptis
388 1662 589 1728 Italiotarum
611 1662 737 1728 Doride
764 1662 833 1726 osis
855 1661 1026 1752 adoptasse
1048 1662 1210 1728 videntur.
1261 1652 1309 1718 Et·

233 1765 306 1832 dem
328 1763 410 1828 ratio
431 1775 482 1830 est
503 1763 591 1829 tituli
614 1763 738 1830 Cretici
759 1787 809 1827 nr.
827 1762 932 1846 2554,
954 1789 1011 1854 qur
1000 1764 1238 1830 'Olontiorurn
1258 1753 1311 1819 dit·

232 1867 354 1934 lectum
376 1865 547 1952 exprimit,
578 1867 651 1930 nim
674 1877 707 1930 et
727 1867 962 1932 accusativos
954 1891 988 1931 ιιι
1014 1894 1057 1942 ως
1079 1867 1149 1931 exit
1170 1875 1203 1930 et
1222 1853 1311 1957 influi-

233 1968 322 2034 tirus
347 1967 382 2032 in
406 1992 457 2048 εν,
488 1965 530 2030 itu
553 1977 659 2030 tamen
683 1978 718 2030 ut
739 1961 891 2056 vulgares
912 1969 1053 2042 fermae
1077 1993 1164 2058 quse
1186 1975 1235 2032 est
1254 1959 1313 2046 ejus

231 2067 401 2151 conditio,
423 2068 718 2134 intermisceantur.
763 2068 802 2132 ln
823 2068 1004 2136 ¹Vaniorum
1028 2070 1159 2162 decreto
1181 2093 1230 2134 nr.
1246 2057 1314 2129 305⁰

236 2171 440 2239 accusativus
462 2169 600 2259 pluralis
624 2169 776 2234 desinit
766 2193 800 2233 ιιι
825 2197 877 2245 osc
903 2171 971 2238 vid.
994 2174 1026 2256 §.
1051 2175 1113 2257 14,
1149 2164 1314 2238 infinitivus

238 2272 424 2356 διαφυλάὸιν
459 2295 519 2360 pro
553 2270 775 2352 διαφυλάσσειν
806 2272 954 2338 nltimam
986 2275 1123 2365 corripit
1155 2261 1314 2356 (vulgans

237 2376 341 2441 forma
365 2372 560 2448 συνιπαὺξειν
582 2372 741 2468 lapicidae
763 2372 932 2463 debetur),
958 2401 1067 2468 neque
1086 2377 1254 2442 Latiorum
1275 2366 1316 2430 dt·

102 2507 105 2510 ·
239 2485 384 2558 cretum,
407 2475 590 2564 quodcum
612 2474 671 2539 iiio
695 2475 838 2564 priscum
863 2477 954 2544 istud
975 2505 1008 2554 νς
1031 2470 1315 2549 commonemini,

237 2577 395 2643 infinitivi
426 2578 521 2646 aliam
552 2579 687 2642 farinam
716 2563 886 2661 habuerit,
927 2603 1027 2670 quare
1056 2603 1117 2699 pro
1147 2577 1316 2664 ὲὺχαρισιει·

241 2679 408 2746 Cbishulli
437 2679 489 2744 vei
516 2703 698 2764 cognoscor
726 2679 879 2745 Sherardi
907 2682 1019 2771 potius
1046 2679 1227 2769 ιὺχαριστέν
1254 2669 1318 2740 scri·

161 2863 165 2872 .
238 2780 381 2848 bendum
403 2779 531 2844 videtur
551 2803 647 2868 quam
671 2805 744 2845 cum
762 2783 983 2850 Boeelrhios
950 2785 1152 2869 ευχαριστεῒν.
1201 2781 1238 2847 Si
1260 2771 1321 2860 rod

242 2885 298 2965 φιν
283 2883 465 2948 νΑιΙιιιιιι.
482 2881 544 2948 754
565 2881 687 2947 certios
709 2883 892 2949 habendum
917 2897 984 2970 est,
1008 2910 1105 2976 quern
1127 2885 1253 2951 formae
1271 2873 1319 2941 ibi·

242 2984 355 3050 dem
346 3008 380 3047 ιιι
409 3007 453 3049 ιιι
481 2993 658 3066 exeuntes,
691 2984 788 3051 etiam
809 2986 1020 3077 Megarenses
1042 2988 1132 3055 solos
1153 2981 1321 3052 infinitivos

235 3085 441 3174 'corripuisse
468 3084 639 3176 ridentur,
675 3110 735 3176 nee
765 3088 874 3156 minus
896 3089 1067 3173 Alaesini,
1103 3089 1132 3154 si
1161 3087 1200 3154 in
1226 3097 1322 3152 eorum

240 3188 389 3256 terminis
411 3189 581 3270 καρπιυσέν
601 3198 688 3253 recte
709 3181 861 3260 traditum
885 3203 948 3256 est.
992 3190 1113 3274 Vides,
1136 3188 1322 3256 infinitivum

241 3309 319 3381 prae
340 3288 478 3378 reliquis
498 3290 539 3354 ad
562 3290 799 3379 correptionem
820 3292 991 3359 inclinare.

327 3391 426 3480 Apud
459 3391 606 3482 reliquos
637 3391 843 3478 Dorienses,
884 3407 917 3461 et
947 3387 1113 3462 Lacones
1136 3404 1170 3458 et
1209 3387 1325 3456 mitiore

244 3493 369 3561 Doride
409 3517 514 3570 usos,
556 3496 655 3585 vulgo
697 3497 810 3563 ultima
849 3496 976 3586 syllaba
1014 3495 1172 3586 producta
1205 3487 1327 3565 tenebr-

108 3666 111 3670 ,
243 3607 297 3661 tur
325 3595 391 3678 ita,
423 3606 460 3660 ut
488 3596 526 3660 ad
557 3599 794 3686 correptionem
823 3598 981 3689 proclivis
1009 3603 1178 3694 potiturum
1203 3587 1326 3660 arbitrio

242 3697 278 3762 iu
312 3708 483 3785 atramque
516 3709 637 3786 partem
671 3687 817 3766 serviret.
872 3702 922 3766 lta
949 3702 1069 3766 factum
1101 3709 1169 3780 est,
1213 3707 1250 3762 ut
1275 3687 1327 3758 Al·

102 3877 105 3882 ἱ
244 3822 338 3864 eman
373 3798 551 3888 Spartanus
586 3801 751 3907 corripere
786 3813 922 3893 posset,
962 3825 1046 3892 quae
1077 3799 1223 3890 vulgo
1213 3823 1251 3863 ro
1275 3795 1326 3859 Lt-

245 3901 359 3968 coniea
389 3900 528 3967 dialecto
556 3886 779 3990 producuntur
812 3896 960 3989 (rponoiffi
991 3905 1057 3969 Ae
1026 3930 1093 3980 ιας,
1126 3901 1251 3978 ἀείδει,
1281 3897 1328 3958 ὑπ

247 4003 371 4084 autr'o),
404 4024 465 4067 nec
493 4002 657 4091 Tyrtaeus
686 4030 728 4071 ex
760 4006 824 4072 alio
855 4006 945 4072 fonte
970 4005 1104 4085 δημότᾶς
1132 4015 1164 4068 et
1188 3997 1328 4066 deono'tcio

222 4103 400 4195 .iruuserit.
450 4103 574 4170 Eadem
603 4107 686 4173 ratio
716 4120 765 4174 est
785 4107 1001 4196 correptionis
1022 4107 1056 4172 in
1080 4103 1185 4188 noddo
1206 4117 1270 4169 etc.
1293 4107 1329 4162 rt·

243 4227 310 4264 ‘¹¹¹2
331 4203 392 4292 πός,
406 4207 491 4295 apud
513 4207 762 4300 Epicharmum,
792 4201 894 4285 ratde
911 4209 997 4290 ιῖρᾶς
1019 4209 1052 4273 iu
1077 4203 1328 4290 Chelidonismoa
