2746 4818
274 355 307 448 1.
327 356 388 432 tu.
423 357 481 432 De
504 354 759 456 conjugatione
779 357 959 432 anomale.
1095 353 1173 434 347

72 563 229 634 Durieum
250 589 326 633 esse
346 564 488 632 truditur
502 564 554 652 ⁸),
586 573 620 632 et
640 568 781 633 fortusse
802 567 931 632 etaim
951 564 975 632 i.
1000 589 1030 632 e.
1055 569 1172 646 κλᾷσαι

71 671 154 759 rpnd
175 669 401 758 Hesychinm,
434 668 494 734 ubi
524 691 614 734 nunc
639 673 752 750 κῑᾷξαι
773 691 792 734 e
812 667 945 734 Masuri
965 668 1171 734 correctione

71 772 133 838 vid.
157 771 190 854 ἕ.
215 772 277 855 11,
300 773 333 839 2.
378 770 595 837 Recentinres
617 775 635 848 ζ
656 770 871 856 addiderunt,
906 770 992 836 sieut
1014 769 1112 836 etiam
1134 769 1171 834 in

71 874 198 963 vulgari
226 873 343 963 lingua
372 874 555 940 recentiore
584 872 707 961 ιιλῄζειν
736 872 902 962 reperitur
929 870 997 936 rid.
1020 871 1170 937 Lobeek.

73 977 110 1042 rd
129 977 257 1042 Bnttm.
281 976 316 1042 ll
343 999 375 1064 p.
397 977 474 1044 221.
519 975 572 1042 Eu
591 976 758 1064 pertinent
778 972 943 1061 Hesychii
964 973 1076 1060 glossa
1098 999 1173 1036 κα-

69 1077 302 1156 τειλᾶζετο,
336 1076 533 1144 Theocritea
555 1080 657 1159 κλαξῷ
680 1077 750 1160 vl,
773 1077 816 1144 32
848 1075 954 1165 (quod
973 1099 1015 1140 ex
1037 1074 1172 1164 optimis

69 1180 164 1246 libris
187 1203 247 1268 pro
269 1183 378 1244 κλασῶ
398 1180 452 1248 vel
474 1183 582 1262 ιιλᾳσῶ
610 1177 808 1268 rescriptum
838 1177 902 1263 est)
933 1177 1110 1254 ἇιιόιιλαξοιι
1138 1187 1174 1245 et

70 1280 250 1358 ἀποκλάξας
265 1281 348 1365 XV,
363 1281 418 1348 13.
433 1283 487 1350 77.
533 1281 718 1350 Scholiasta
740 1280 961 1348 Theocriteus
982 1280 1064 1354 (vid.
1079 1281 1112 1364 ᾗ.
1132 1281 1174 1346 19

68 1393 137 1450 not.
162 1383 241 1467 19),
273 1383 333 1472 qui
361 1395 395 1450 ct
422 1389 533 1466 κλᾳσιιῖ
560 1396 594 1453 et
615 1387 719 1466 κλᾳξῶ
739 1383 864 1450 Dorica
888 1373 963 1450 essu
984 1382 1103 1464 tradit,
1136 1381 1174 1446 in

66 1488 129 1552 hnc
151 1507 257 1578 neque
277 1485 344 1552 ictu
365 1484 532 1552 subscribi
549 1487 657 1573 jubet.
702 1485 880 1551 Librorum
902 1497 1010 1551 temen
1032 1483 1173 1550 auctori-

68 1598 115 1654 tas
138 1586 264 1679 ubique
285 1597 449 1678 repugnat
469 1611 531 1653 nee
554 1588 684 1666 miuus,
720 1588 756 1653 id
785 1588 876 1678 quud
902 1611 991 1655 nunc
1012 1586 1174 1675 iutelligi-

67 1714 161 1774 mus,
195 1690 353 1760 credibile
376 1700 444 1775 est,
479 1691 516 1756 iu
549 1687 651 1765 ιλάζω
681 1688 723 1754 ιώ
753 1689 837 1779 ipsis
858 1686 1083 1755 Doriensibns
1105 1689 1174 1755 ictu

67 1793 228 1859 omissum
250 1814 323 1858 esse
354 1816 452 1881 quem
483 1792 520 1858 in
547 1791 655 1878 χρῄζω
683 1791 753 1857 vid.
785 1793 817 1876 ξ.
835 1793 903 1875 22,
927 1792 971 1873 7,
1003 1790 1059 1855 vel
1087 1815 1106 1853 υ
1136 1791 1173 1856 ἰιι

65 1894 158 1972 πᾶζω
180 1918 241 1985 pro
263 1895 355 1959 παύω
376 1894 446 1962 vid.
470 1895 569 1980 §.35,
587 1896 619 1964 1.
666 1893 822 1960 Ceterum
844 1893 1064 1970 conferentur,
1089 1914 1173 1982 quse

67 1998 308 2089 disputavimus
329 1997 362 2081 ὅ.
387 1999 448 2082 11,
470 1998 492 2064 2
515 2008 547 2062 et
568 1995 602 2080 ᾗ.
626 1997 687 2075 19,
710 1997 742 2063 6.

156 2129 174 2166 κ
184 2101 273 2179 λε’ω,
298 2099 442 2189 Lysistr.
457 2099 542 2166 1299
556 2102 670 2184 curua,
686 2097 811 2166 rectius
826 2097 928 2164 κλέωα
942 2095 967 2160 i.
978 2119 1009 2160 e.
1026 2095 1184 2160 ιιλέουσιι.

154 2202 326 2283 (κλύω),
359 2202 451 2268 Peri.
482 2202 634 2292 imperet.
666 2202 793 2268 ιιιίιλιιιιε
822 2201 911 2292 apud
937 2199 1174 2292 Epicharmu-

63 2305 134 2372 vid.
161 2299 193 2394 §.
216 2307 257 2374 41
287 2315 359 2370 not.
383 2305 414 2369 1.
582 2383 583 2394 ἵ

156 2410 239 2472 noui
260 2407 383 2498 Epicu.
408 2407 451 2474 19
470 2404 537 2472 vid.
562 2405 595 2488 ξ.
617 2403 678 2488 10,
701 2405 735 2472 8.

155 2511 367 2597 ιρέμαμαι.
419 2508 522 2599 Apud
553 2507 787 2574 Archimedem
820 2506 861 2574 de
892 2505 1019 2592 Quadr.
1053 2503 1173 2572 Perrh.

60 2637 97 2702 p.
120 2610 171 2682 29
201 2635 295 2702 seqq.
329 2636 427 2702 snepe
454 2610 592 2700 repetite
614 2610 772 2698 leguntur
793 2607 983 2691 κρεμάμενος
1004 2619 1038 2673 ct
1057 2607 1175 2694 speud-

61 2725 164 2799 σθω,
187 2736 247 2804 pro
268 2715 332 2780 huc
353 2714 441 2780 haud
462 2733 537 2780 reru
551 2714 740 2804 perfeetum
763 2711 969 2797 κεκρεμάσθω
988 2710 1087 2775 modu
1101 2709 1175 2776 eine

56 2818 232 2884 librorum
259 2816 414 2884 dissensu
443 2828 611 2906 receptum
643 2826 693 2882 est
721 2815 819 2881 mcdc
846 2813 883 2880 in
911 2813 999 2880 varin
1029 2813 1175 2880 lectione

58 2929 250 2986 enotatum.
295 2917 343 2982 At
371 2943 473 3010 quum
500 2916 692 3003 κρεμάμενος
712 2917 749 2983 in
772 2917 956 3007 perfeetum
978 2915 1099 2984 mutari
1116 2940 1174 2984 ne·

55 3030 190 3113 quent,
222 3019 396 3106 κρεμάσθω
417 3021 529 3088 verius
551 3021 682 3088 videtur
702 3043 802 3110 quem
823 3017 1043 3106 κικρεμάσθω.

155 3142 299 3226 κρίνω,
322 3142 407 3208 Aur.
432 3141 449 3206 l
471 3125 505 3230 p.
530 3142 665 3228 ἕκρίθην
687 3139 808 3231 Epich.

153 3258 360 3346 λαμχᾶνω,
382 3259 464 3326 Aur.
488 3258 534 3325 Il.
560 3257 680 3348 ἔλαχον.
745 3269 747 3276 '

153 3378 363 3463 λαμβάνω,
388 3380 503 3445 Futur.
527 3383 689 3461 λαψιιῦμαι
711 3377 831 3469 Epicu.
857 3381 916 3464 19,
939 3380 1023 3446 Aur.
1046 3376 1172 3462 iiufluv,

48 3485 163 3552 Pers.
188 3483 300 3566 εἴλαφιι
320 3482 426 3547 Phoc.
451 3480 494 3546 73
514 3490 547 3545 et
567 3477 742 3563 Anubim,
765 3482 999 3567 μεταλιλάβηκα
1020 3481 1171 3546 Archim.

46 3590 178 3656 Aren.
206 3609 242 3673 p.
266 3584 349 3661 331,
381 3583 473 3648 Pers·
498 3581 593 3669 Suhj.
618 3583 761 3665 ιῖλαμμαι
781 3592 815 3649 ct
834 3586 985 3670 λε’λαμμαι
1005 3583 1172 3667 Archim,

46 3693 151 3759 Aor-
180 3688 251 3776 lp.
273 3684 428 3768 ἕλάφθην.

154 3804 271 3888 λέγω,
294 3803 378 3871 Aur.
402 3803 449 3868 ΙΙ.
473 3828 507 3893 p.
532 3802 667 3888 ὁιελὲμην
691 3803 794 3872 Crett.
816 3805 886 3872 rid.
911 3809 941 3888 ἓ.
966 3805 1032 3888 39,
1054 3803 1088 3870 6.

153 3924 229 4006 λεδ,
257 3923 370 4008 volo,
404 3923 575 4012 antiquum
595 3915 732 3989 v'erbnm
753 3947 772 3989 e
793 3922 1015 3990 Doriensihus
1037 3920 1172 4016 potissi·

39 4051 160 4100 mum
184 4037 361 4110 servatum,
383 4027 482 4112 eujus
503 4025 565 4091 hee
584 4024 708 4092 formae
730 4025 959 4116 reperiunturr

222 4144 338 4212 Prees.
362 4145 503 4211 Iudicat.
1047 4211 1048 4220 ,

151 4246 244 4335 sing.
270 4248 302 4313 1.
326 4248 371 4312 uu
391 4246 536 4336 Lysistr.
557 4246 641 4332 981,
664 4246 709 4314 cf.
733 4245 882 4337 Hespeh.
906 4249 972 4350 tui,
995 4244 1090 4313 θέλω.
