2754 4818
371 363 431 440 Ad
456 363 622 442 Librum
643 364 829 442 Primum.
1077 367 1152 448 501

60 579 140 635 nent.
193 565 271 632 Non
292 567 399 658 magis
421 565 520 636 natis
540 569 794 659 persuademus,
826 569 988 638 ποτέονται
1009 571 1086 644 Alc.
1111 573 1153 639 35

60 682 92 738 et
118 667 266 754 ὠρχεῦιιο
288 668 413 760 Sapph.
437 671 480 738 76
506 693 548 735 ex
576 669 670 761 epicu
697 669 815 761 lingua
843 695 1006 742 manasse.
1063 673 1152 742 Illud

59 771 284 852 toleravimus,
318 771 396 861 qnia
416 769 631 839 Lesbiaco
659 770 775 851 ποθήω
797 784 832 839 et
852 772 972 854 ἅδικὴω
994 776 1152 866 aliquate-

58 897 117 940 nus
136 873 283 942 lonioam
303 874 441 941 formam
462 873 562 940 tutari
584 873 656 941 visa
678 884 778 961 sunt,
812 899 999 966 quanquam
1026 877 1062 944 in
1082 880 1151 946 [ιιι-

58 977 139 1044 stulo
164 975 381 1043 incertissimi
407 976 504 1044 metri
533 976 739 1066 corruptelae
771 977 919 1068 suspicio
939 977 977 1044 in
997 993 1151 1070 promptu

58 1090 104 1145 est
123 1078 239 1161 (Gens.
257 1077 406 1146 Damnst.
425 1077 581 1169 proponit
601 1077 732 1163 λάταγες
755 1081 788 1148 dd
807 1078 989 1168 adaquanda
1012 1080 1151 1148 alterum

57 1178 275 1247 damnavimus
297 1193 334 1247 nt
355 1205 468 1252 omnes
484 1181 606 1248 formas
624 1179 789 1266 verhales‚'
812 1205 895 1270 quae
910 1182 1152 1274 diphthongum

56 1309 87 1348 so
109 1282 330 1362 contractione
357 1294 465 1350 natam
497 1282 622 1348 hahent
648 1284 768 1368 §.26,
792 1285 853 1362 13,
888 1284 1031 1376 primum
1060 1285 1151 1376 quod

54 1407 211 1476 nusquam
231 1395 334 1454 metro
356 1387 609 1470 confirmantur,
644 1385 764 1452 deinde
792 1385 883 1476 qnod
910 1386 1082 1455 nonnullis
1112 1386 1149 1453 in

53 1489 133 1557 locis
146 1488 319 1557 meliorum
336 1487 497 1554 librorum
510 1485 703 1553 auctoritate
716 1488 961 1575 propelluntur,
983 1499 1150 1578 postremo

54 1591 138 1680 qnod
168 1591 234 1659 duo
263 1588 388 1672 triave,
420 1611 506 1678 quae
533 1595 681 1670 restant,
712 1587 861 1676 exempla
890 1598 1024 1678 apparet
1051 1615 1149 1681 quam

52 1691 146 1760 l'acile
177 1701 210 1759 et
240 1691 315 1782 ipsa
347 1715 367 1756 a
397 1689 543 1760 librariis
572 1687 758 1756 Leshiaaae
790 1688 1002 1780 proprietatis
1033 1713 1149 1781 parum

52 1795 159 1883 gnaris
180 1793 310 1866 intrudi
326 1793 507 1884 potuerint.
551 1791 637 1858 Nam
658 1791 750 1882 qnod
773 1789 1050 1860 Schneidewinns
1072 1787 1151 1858 εὖσα

52 1898 173 1988 Sapph.
197 1897 240 1962 fr.
264 1896 308 1963 27
330 1908 454 1962 eertum
485 1917 559 1962 esse
589 1893 689 1977 dicit,
729 1917 873 1960 errorem
900 1894 1035 1960 subesse
1062 1895 1150 1960 inlra

49 2001 185 2066 adeum
205 1999 316 2068 locum
338 1997 542 2066 docebimus.
585 1998 761 2064 Postremo
780 1993 1056 2064 Schneidewinus
1079 2005 1150 2062 tue·

49 2117 104 2168 tur
135 2098 298 2181 innitor,
333 2099 430 2191 ‘quod
459 2099 686 2169 damnavimus
718 2098 837 2184 §.Q
862 2099 893 2164 1.
950 2098 998 2163 At
1026 2096 1151 2188 legitur

49 2203 173 2294 Sapph.
203 2204 224 2270 3
256 2203 343 2294 apud
371 2201 606 2288 Eustachium,
638 2201 700 2267 uhi
727 2201 836 2268 omnis
864 2200 935 2267 lere
962 2201 1149 2291 proprietas

47 2305 211 2374 Lesbiaca
245 2305 353 2372 deleta
379 2315 450 2383 est,
486 2313 519 2372 et
547 2309 584 2370 in
613 2303 1037 2393 corruptissimo.lrnstulo
1053 2303 1145 2381 ule.

47 2409 114 2490 31,
134 2409 178 2493 43
217 2406 335 2474 deinde
363 2416 453 2498 patet
479 2417 512 2471 ct
533 2407 684 2496 exe-plo
706 2404 897 2484 docuimus,
931 2415 1031 2496 quam
1047 2405 1148 2472 facile

46 2513 106 2578 dra
125 2521 158 2576 et
179 2509 302 2574 ὅπποτα
323 2533 343 2574 ι
363 2508 511 2576 librariis
538 2507 681 2574 indoctis
709 2507 745 2572 in
767 2507 841 2572 ὅταν
862 2517 895 2572 et
917 2507 1055 2573 ὁππόταν
1077 2531 1148 2572 cor·

43 2611 158 2702 rnmpi
194 2609 386 2698 potuerint3
428 2621 593 2699 postremo
625 2609 804 2697 particulae
837 2608 875 2672 dv
910 2609 952 2676 ab
983 2607 1149 2679 Acolihus

42 2722 223 2801 usurpatae
244 2710 337 2776 nulla
358 2706 423 2775 alia
444 2711 593 2799 exempla
615 2709 746 2795 entant,
780 2735 880 2800 quum
909 2735 944 2776 aa
972 2709 1009 2774 in
1037 2716 1147 2799 po'eta·

39 2838 121 2884 rnm
142 2810 340 2902 fragmentis
361 2822 394 2878 et
413 2812 512 2882 titulo
532 2812 699 2880 Lesbiaco
721 2837 773 2880 nr.
794 2812 880 2881 2166
908 2814 1147 2904 ltequentetur.

40 2918 165 3006 ltaque
187 2936 296 3004 neque
317 2913 447 2984 incante
470 2914 579 3006 egisse
601 2915 698 2982 nohis
719 2915 869 2984 videmur
900 2939 1007 3006 neque
1028 2916 1065 2982 in
1087 2917 1149 2982 hac

40 3042 127 3087 voce
150 3017 254 3108 magis
276 3041 376 3108 quam
394 3015 432 3082 in
454 3017 595 3108 reliquis
618 3020 730 3110 opicae
749 3017 881 3086 dialecti
902 3018 1070 3085 immixtae
1091 3017 1148 3084 do·

38 3128 237 3188 numentum
259 3118 437 3186 cernimus.

131 3221 229 3310 Pap.
252 3220 274 3288 9
301 3219 328 3287 1.
350 3221 403 3288 12.
448 3219 580 3304 Quod
570 3246 607 3288 ru
628 3186 775 3288 Erinnae
798 3219 951 3311 reliquiis
972 3219 1058 3284 nihil
1079 3220 1149 3288 lere

36 3321 244 3392 Lesbiaei'
232 3345 345 3390 roesse
375 3322 625 3408 affirmavimus,
661 3321 935 3388 Schneidewinus
964 3343 1032 3384 non
1061 3331 1150 3386 recte

38 3426 173 3492 dictum
203 3435 296 3514 putat
322 3449 357 3512 p.
382 3424 477 3498 1519.
510 3425 638 3490 ιΙιιιιιιιι
666 3446 745 3500 vero
776 3421 984 3507 rectissime3
1014 3421 1150 3506 uqienm

37 3526 138 3596 enirn
161 3525 196 3593 in
216 3525 288 3594 illis
311 3524 382 3610 ἔμμι
402 3524 527 3615 legitur
553 3525 596 3592 fr.
620 3523 663 3607 5,
700 3523 789 3614 qnod
816 3546 923 3613 neque
952 3523 994 3590 ad
1023 3521 1150 3612 epicam

36 3627 228 3696 dialectum
248 3649 361 3718 neque
380 3627 421 3692 ad
436 3625 594 3694 Doricam
615 3625 734 3692 relerri
754 3624 879 3716 possit,
902 3624 961 3692 sed
982 3625 1025 3691 ud
1046 3624 1150 3693 solam

35 3729 256 3803 Lesbiacam.
301 3729 425 3802 Contra
444 3730 547 3799 nanltu
567 3726 692 3794 Dorica
711 3729 942 3820 reperiuntur,
975 3750 1059 3816 quae
1081 3750 1149 3793 non

35 3842 126 3902 sunt
149 3831 264 3900 eadem
285 3829 484 3916 Lesbiaca,
491 3841 529 3898 nt
548 3829 584 3897 in
607 3832 679 3898 solo
700 3831 885 3922 fragmento
909 3827 1096 3896 secundo
1075 3856 1149 3938 sarr,
1203 3893 1206 3898 ,

32 3939 111 4012 τίν,
142 3927 920 4024 noas'ttr1an,qe,qnumLeslaiacasintalnr,
952 3933 1021 4010 coi,
1051 3957 1152 4020 προς-

34 4039 174 4117 εᾞθηκα
197 4031 249 4115 ἦν.

133 4138 232 4226 Pag
258 4135 300 4210 10
332 4136 358 4204 l.
382 4137 533 4207 dextr.
578 4135 716 4206 Arcadii
746 4136 840 4205 locus
870 4145 921 4203 est
950 4133 990 4201 de
1012 4132 1150 4202 Acuent
