2754 4818
239 403 317 483 tlt
539 397 712 475 Addenda
736 412 773 470 et
794 394 1031 498 Corrigenda.

243 604 440 688 capricorno*
464 605 511 670 ciri
533 604 590 669 ὅν..
623 605 670 666 dei
689 604 724 668 dd
743 600 905 686 promor
925 599 975 666 ὅτι
994 603 1052 664 ,καὶ
1069 597 1104 664 cd
1130 595 1332 680 decriptione
1375 641 1376 664 t

241 708 295 774 deci
322 712 378 788 τῆς
408 711 437 772 si
466 705 640 790 doottdyyov
667 705 823 788 γράφεται
856 705 990 791 amneio,
1034 704 1202 776 Aioloaeic
1231 703 1262 764 dl
1287 696 1334 762 διὰ

240 815 296 876 τοῦ
316 817 342 874 t.
409 809 524 874 Priora
548 831 662 874 eorum
683 829 782 872 cansa
802 805 1062 894 adscripsimus,
1100 802 1249 892 quaein
1269 812 1334 865 neta
1375 823 1376 852 ¹

242 938 283 978 ex
305 911 545 999 Etpmologicis
566 911 677 976 minus
696 910 798 1000 plena
826 909 866 973 de
889 907 980 972 vocis
1012 904 1060 970 oiri
1080 904 1280 994 compositis
1298 903 1335 968 al·

241 1016 306 1082 late
335 1024 422 1078 sunt.
491 1011 650 1078 Ceterum·
668 1011 796 1076 Censor
816 1008 963 1074 Darmst.
986 1007 1082 1074 valde
1105 1005 1264 1088 dubitat,
1303 1027 1335 1068 an

241 1117 366 1182 Aeoles
389 1140 453 1182 non
469 1139 546 1181 vere
561 1112 721 1179 vuenerint
742 1121 881 1200 quatuor
902 1109 1002 1196 bujus
1026 1107 1178 1176 adverbii
1200 1109 1335 1173 formes:

244 1217 307 1295 αἶῖ,
339 1216 421 1294 otto,
458 1217 513 1298 tr,
549 1217 609 1280 tto.
654 1214 730 1280 Non
752 1213 881 1302 speruit
902 1223 1032 1288 minen,
1063 1235 1124 1278 cnr
1143 1209 1335 1299 optimorum

243 1318 524 1410 grammaticorum
544 1315 741 1383 testimoniis
768 1316 867 1382 fidem
896 1315 1014 1380 babere
1041 1312 1210 1395 noluerit,
1256 1334 1336 1402 prae·

242 1422 356 1487 sertim
379 1444 479 1510 qunrn
500 1420 584 1486 nibil
606 1418 858 1486 convenientius
880 1417 942 1494 sit,
966 1439 1064 1506 qnam
1084 1426 1123 1480 ut
1144 1440 1157 1478 ι
1179 1414 1336 1481 Lesbiaco

242 1544 333 1589 more
353 1523 450 1588 modo
472 1523 625 1609 ejicietur
647 1521 743 1588 modo
764 1530 932 1598 teneatur,
963 1545 981 1582 o
1009 1521 1060 1600 ἐφ.
1083 1516 1184 1583 modo
1209 1517 1338 1582 addatur

242 1624 341 1691 modo
361 1623 478 1691 absit·

328 1728 425 1816 Bag.
450 1726 513 1792 160
543 1718 624 1792 not.
669 1723 766 1806 Adde
789 1723 940 1790 Eustatb'.
966 1723 1069 1806 1214,
1091 1723 1134 1790 27
1166 1727 1197 1786 οἱ
1221 1719 1338 1789 Αἰολεῖς

244 1833 277 1894 ἐκ
307 1827 510 1915 πρωτοτύπυυ
539 1829 754 1906 rinocoruris*
781 1829 904 1907 γενικῆς
931 1830 1062 1893 ποιοῦσι
1089 1823 1212 1898 τύπους
1246 1845 1338 1898 arari·

244 1931 342 2008 nocie,
375 1933 440 2010 οἷον
461 1931 697 2015 ἕτερος·ἑτέρων
720 1926 901 2010 ἑτερώνιος·
936 1929 1031 2004 ἄλλος.
1047 1927 1147 1992 ἄλλων
1172 1925 1339 1996 cilicium·

244 2031 359 2115 ἕτύμων
381 2031 562 2113 ἐτυμώνιος.·
587 2028 705 2112 ἀνέμων
725 2027 894 2110 ἄνεμώνιος
916 2036 969 2094 καὶ
991 2029 1209 2112 διέὐφωνίαν
1232 2022 1340 2108 ἀνεμώ-

244 2143 328 2209 λιος.
366 2133 446 2199 οὕτω
467 2138 520 2197 καὶ
538 2133 665 2197 ‘Ellam
683 2133 821 2196 Ἑλικών
839 2133 1037 2208 ‘Eleusinem

328 2235 361 2318 ξ.
385 2235 444 2302 32.
490 2235 681 2302 Pmeclerae
701 2233 931 2302 Boeoticarnm
952 2232 1213 2321 inscriptionum
1235 2229 1341 2320 copiae

244 2346 456 2405 accesserunt
475 2339 536 2402 bae
548 2365 561 2400 e

331 2437 609 2505 Orchomenii
645 2436 756 2514 tituli,
800 2458 888 2502 nnus
922 2436 957 2501 in
987 2435 1103 2502 Lesbii
1131 2433 1260 2500 Itinere
1291 2453 1342 2522 pet

246 2541 417 2610 Graeciam
441 2539 727 2628 septentrionalem
748 2539 826 2604 Vol.
847 2539 881 2604 11
903 2561 954 2620 nie
967 2536 1030 2620 37,
1063 2538 1160 2626 cujus
1181 2559 1263 2625 pars
1284 2555 1340 2599 me·

247 2645 300 2710 dia
317 2643 387 2730 jem
410 2642 498 2706 edite
522 2654 591 2707 crat
614 2641 713 2729 Corp.
739 2641 843 2706 lnser.
874 2664 926 2705 nr.
951 2640 1052 2724 15733
1088 2639 1153 2704 dno
1175 2638 1219 2702 ab
1243 2639 1340 2704 Erae·

247 2759 297 2811 sto
320 2743 437 2810 Curtio
461 2743 541 2810 editi
563 2745 600 2809 in
620 2744 709 2810 lllos.
734 2743 842 2808 Rben.
865 2742 953 2810 Nov.
976 2742 1012 2830 ll
1032 2767 1068 2830 pr
1084 2739 1147 2808 186
1166 2764 1244 2830 sqq.
1266 2737 1339 2805 ael

230 2839 279 2911 'et
299 2845 343 2928 8,
365 2869 506 2931 qnorum
525 2847 617 2934 prior
636 2843 856 2912 difficillimus
876 2855 945 2911 erat
966 2845 1007 2910 sd
1024 2841 1224 2931 legendum.

330 2945 628 3016 Lebadeensis
650 2948 782 3022 brevior
800 2959 852 3012 cst
871 2947 960 3036 apad
982 2946 1145 3012 Lealrinm
1165 2943 1200 3009 11
1226 2967 1261 3034 p.
1272 2943 1322 3008 32.

335 3045 567 3135 Copenscm
594 3047 776 3114 breviorem
806 3049 942 3138 praebet
963 3047 1154 3115 Ulricbsins
1183 3045 1224 3110 in
1255 3049 1342 3112 Iliae

78 3171 107 3192 ⁹
248 3170 283 3214 re
303 3149 430 3214 Graeco
458 3148 537 3215 Vol.
560 3148 586 3260 l.
611 3159 645 3238 pL
668 3147 732 3216 203
763 3162 796 3217 et
828 3149 950 3217 ibidem
977 3150 1065 3216 alius
1079 3145 1234 3213 'inediti'
1249 3167 1341 3238 panea

248 3251 357 3318 verba.

121 3362 126 3367 “
257 3417 261 3420 ,
330 3351 568 3418 Tbcbanurn
608 3352 769 3418 ineditum
807 3351 904 3418 inter.
923 3351 1086 3419 Boeclebii
1117 3350 1236 3440 copias
1267 3348 1340 3416 vitt

248 3453 334 3524 Eum
357 3454 416 3542 qni
445 3453 480 3518 in
503 3453 604 3544 Gorp.
628 3456 734 3522 laser.
767 3477 818 3520 nr.
842 3453 927 3522 1578
953 3454 1063 3520 editus
1090 3463 1166 3537 est,
1200 3454 1342 3518 Lesbius

149 3587 151 3592 ·
248 3557 283 3622 'et
302 3555 554 3622 emendatiorem
579 3565 611 3622 et
632 3555 674 3621 ab
693 3555 791 3624 initio
811 3556 990 3626 auctiorem
1010 3554 1144 3645 repetiit
1163 3554 1198 3618 ll
1223 3579 1275 3620 nr.
1292 3551 1340 3620 45.

332 3656 497 3722 Ptoinm
516 3651 652 3724 ‘titulum
673 3658 696 3722 i.
718 3682 748 3724 e.
771 3657 918 3746 muneris
941 3681 961 3725 e
982 3656 1126 3724 concilio
1147 3655 1341 3724 Boeotoru-

151 3849 153 3855 .
247 3758 399 3847 Apollini
428 3759 526 3824 Ptoio
548 3759 689 3824 dedicati
717 3759 968 3848 inscriptionem
992 3757 1184 3826 Ulricbsins
1212 3759 1240 3828 l.
1262 3759 1286 3824 l.
1310 3779 1340 3844 p·

248 3861 313 3927 217
341 3860 468 3949 publici
493 3861 582 3946 juris
610 3861 713 3944 lecit,
750 3883 816 3950 quo
839 3862 954 3948 jndice
980 3861 1095 3952 paullo
1115 3869 1193 3952 post
1214 3857 1340 3926 Tbebss

248 3971 445 4034 restauratos
468 3961 532 4028 01..
550 3963 636 4047 116,
659 3966 678 4028 1
698 3963 846 4050 scriptos
867 3973 928 4028 est.
1047 4011 1063 4029 ·.

334 4061 622 4152 Thespiensis
649 4085 828 4156 paucorum
851 4065 1025 4144 verborum
1046 4063 1226 4130 Praxitelis
1251 4061 1340 4152 spui

247 4163 476 4252 pulcherrimis
511 4165 618 4232 literis
636 4233 639 4240 ,
658 4166 870 4257 subscriptus
904 4167 991 4254 apud
1014 4165 1186 4234 -Lcelrinm
1215 4164 1251 4230 11
1287 4187 1340 4228 ur.
