2726 4820
166 399 198 492 0.
220 399 279 476 36.
319 403 376 474 De
395 401 663 502 coujugationis
683 403 824 479 ratione
844 407 1047 480 communi.
1085 406 1158 483 291

553 605 587 690 §-
611 603 663 672 uo.

230 769 291 818 lle
315 770 596 832 conjugationis
618 773 769 821 ratione
792 774 994 821 communi.

146 919 181 998 l)
225 917 366 985 Prima
392 942 572 1010 persona
599 919 791 1009 pluralis
819 921 1029 1008 objectivi
1052 920 1087 988 iu
1110 948 1164 1007 μες

68 1021 151 1088 exire
179 1021 320 1087 traditur
336 1025 363 1101 ¹)
392 1034 425 1088 et
453 1035 570 1112 regnat
597 1047 636 1090 ca
665 1022 855 1090 terminatio
882 1025 951 1092 sola
980 1024 1015 1089 iu
1043 1025 1164 1092 talrulis

68 1123 362 1209 Heracleensilrus,
386 1136 422 1208 nt
436 1127 638 1212 εὑρίσκομες,
662 1125 884 1209 κατετάμομες,
908 1125 1080 1209 ε’στάσαμες
1098 1141 1162 1194 etc.

68 1224 99 1290 iu
118 1227 222 1292 Ther.
246 1228 343 1295 2448.
360 1227 458 1310 Vlll,
480 1227 543 1312 26,
567 1227 624 1294 ulti
648 1231 858 1314 ε’μβαλοῦμες,
881 1229 956 1320 Igu.
979 1229 1082 1314 2570,
1106 1231 1164 1296 ubl

69 1327 316 1412 ἀπεστάλκαμες,
350 1329 385 1394 iu
415 1330 506 1395 Cret.
531 1331 618 1398 2557
647 1330 886 1418 εὐχαρισταίμες.
942 1329 1065 1398 Contra
1094 1333 1164 1399 vul·

68 1433 150 1520 garis
178 1432 366 1498 terminttio
401 1457 466 1498 nou
497 1433 604 1498 solum
633 1446 684 1499 est
715 1433 750 1498 iu
782 1432 915 1498 Rhodio
943 1457 995 1500 nr.
1019 1433 1103 1501 2905
1133 1446 1166 1500 et

68 1533 328 1622 'l'ejo-Greticis
351 1534 446 1601 3047.
472 1535 567 1600 3048.
592 1534 688 1600 3040.
713 1535 809 1600 3052.
834 1535 938 1618 3058,
972 1535 1028 1602 nbi
1051 1536 1164 1625 lapici-

67 1635 121 1702 dae
152 1638 270 1726 culpae
299 1636 401 1701 tribui
429 1635 556 1726 possit,
593 1634 652 1700 sed
681 1635 778 1700 etiam
806 1636 841 1701 iu
865 1635 1006 1702 Creticis
1028 1637 1165 1724 majoris

9 1785 10 1790 κ
67 1735 139 1804 fidei
160 1763 211 1806 nr.
232 1737 338 1822 2555,
370 1738 426 1804 ubi
449 1737 699 1822 ε’πιμράψαιμεκ,
734 1748 768 1804 et
789 1761 840 1802 nr.
864 1737 967 1822 2550,
1004 1739 1166 1806 111ιί0οι-

9 1897 10 1902 ,
68 1863 126 1920 μεν.
172 1839 305 1906 Deinde
329 1841 364 1906 iu
379 1841 571 1932 Epicharmi
594 1839 789 1928 fragmentis
812 1839 936 1929 ubique
957 1838 1080 1906 Dorica
1100 1854 1165 1907 ter·

68 1942 197 2009 minutio
230 1955 357 2012 servata
389 1957 458 2010 est:
503 1945 546 2009 fr.
571 1943 610 2010 51
639 1943 810 2026 καλεόμες,
845 1943 889 2010 82
919 1941 1163 2028 άποπυρίζσμες,

67 2049 295 2132 παρσχίζομες,
319 2046 489 2133 χναύομες,
514 2047 649 2129 ἐπίομες.
697 2045 801 2134 Apud
821 2045 1025 2135 Sophronam
1048 2047 1166 2137 legun·

67 2157 117 2214 tur
152 2151 245 2231 ίωμες
274 2150 316 2214 lr.
340 2150 402 2233 40,
437 2159 470 2215 et
501 2149 860 2240 plusquamperfectum
877 2151 1165 2235 ,lueupatnptxqprc

9 2293 13 2328 ¹.
68 2250 106 2316 lr.
125 2252 187 2334 71,
218 2273 321 2340 quare
343 2249 543 2336 γινώσκομεν
564 2254 607 2317 ir.
628 2252 670 2318 83
693 2251 922 2338 corrigendum
943 2260 1024 2316 crat.
1065 2251 1166 2340 Apud

10 2406 13 2432 ,
68 2353 297 2420 Archimedem
327 2354 434 2420 rarius
457 2354 580 2421 Dorica
607 2353 795 2420 terminatio
817 2353 903 2418 iuter
925 2355 1078 2443 vulgares
1102 2355 1166 2421 lor·

68 2479 133 2522 mas
156 2454 384 2546 conspicitur,
418 2468 455 2522 nt
476 2461 641 2539 κομίζομες
662 2457 703 2521 dc
726 2455 804 2520 Hel.
835 2479 868 2542 p.
892 2457 976 2538 218,
1010 2459 1168 2539 δειξοῦμες

12 2607 14 2614 ,
70 2556 105 2626 de
134 2557 276 2625 Gouoid.
304 2585 337 2650 p.
360 2559 436 2626 259.
460 2559 534 2625 281.
579 2558 619 2623 ln
641 2556 846 2645 Lysistratae
868 2543 1047 2623 Laconicis
1068 2559 1166 2647 parti-

12 2719 13 2724 ,
68 2658 128 2726 lrus
152 2660 279 2751 ubique
301 2671 351 2726 est
372 2660 531 2726 Doricum
554 2685 625 2742 μες,
656 2671 694 2725 ut
713 2665 818 2741 ἵκομες
842 2659 944 2742 1077,
967 2661 1166 2740 πεπόνθαμες

11 2813 13 2846 z
69 2763 169 2850 1098,
203 2765 357 2846 ὑμνίωμες
389 2763 472 2831 1305
502 2774 588 2847 eto,
620 2762 699 2829 item
732 2760 767 2825 in
796 2757 1071 2827 Acharnensilrns
1102 2762 1167 2828 716

12 2915 16 2946 ,
69 2871 189 2950 ἵκομες,
214 2866 277 2932 717
300 2866 511 2945 διαπεινᾶμες.
555 2865 727 2932 Postremo
750 2863 783 2928 ln
806 2862 1057 2929 Chelidonisrno
1078 2863 1166 2930 ero·

68 2965 120 3032 dio
142 2966 223 3033 lilrri
243 2966 403 3057 praebent
425 2966 561 3049 ἀπίωμες
582 2978 615 3032 et
637 2965 798 3048 φέρωμες,
826 2965 884 3030 sed
907 2965 1057 3047 ἐάσομεν,
1082 2969 1166 3032 οίσο·

67 3095 118 3150 μεν
149 3078 182 3134 et
204 3069 305 3150 ἐσμέν.
360 3067 552 3134 Omittimus
581 3070 691 3136 fontes
722 3091 836 3157 parum
867 3067 1035 3157 limpidus.
1092 3066 1165 3133 dam

13 3227 14 3240 .
67 3173 152 3238 euim
177 3171 259 3237 satis
281 3171 498 3262 intelligitur,
530 3171 608 3237 olim
630 3194 700 3237 earu
725 3170 988 3235 terminationem
1010 3169 1166 3234 omnibns

14 3329 15 3360 g
66 3273 287 3340 Doricusibus
318 3274 421 3339 solam
451 3273 617 3363 propriam
646 3271 750 3338 inisse
772 3282 804 3337 et
825 3271 921 3336 tertio
945 3272 1073 3336 demum
1097 3294 1165 3336 sae·

67 3379 142 3445 culo
164 3377 334 3467 vulgarem
355 3375 618 3442 terminationem
644 3375 750 3466 accipi
772 3385 918 3463 coeptam
940 3395 1025 3437 esse.
1071 3370 1167 3437 Gete-

66 3503 139 3546 rum
170 3479 332 3546 Doridem
365 3477 613 3567 antiquissimae
644 3476 783 3543 rationis
816 3489 962 3541 tenacem
995 3474 1102 3556 luisse
1134 3485 1168 3554 et

14 3635 17 3644 ,
66 3581 236 3648 Smserita
258 3593 291 3647 et
311 3581 430 3647 Latina
453 3581 588 3672 liuguae
610 3581 747 3658 docent,
770 3579 805 3642 iu
829 3578 951 3666 quibus
973 3576 1166 3642 tudumus

67 3696 100 3750 et
120 3707 301 3750 emamus
323 3684 447 3773 primae
470 3693 546 3748 suut
567 3681 749 3772 praesentis
771 3703 943 3770 personae.

151 3786 190 3873 2)
233 3786 381 3850 Tertia
403 3808 585 3876 persona
614 3784 802 3874 pluralis
824 3794 1056 3871 temporum
1078 3781 1167 3870 pri·

67 3888 335 3972 muriorum²)
357 3899 389 3954 et
412 3885 680 3973 conjunctivi
701 3884 742 3949 in
767 3883 989 3978 objectiva
1012 3882 1167 3948 inomni·

106 4125 131 4184 1)
166 4119 307 4175 Choerob.
325 4117 421 4172 Bekis.
442 4117 510 4172 1198
538 4124 567 4169 et
593 4115 666 4168 Anu.
692 4114 769 4166 Oxx.
793 4113 849 4179 IV,
873 4114 944 4181 421,
969 4114 1003 4180 8,
1038 4113 1168 4168 nunaunt.

68 4211 220 4276 189⁴l‚46‚
248 4207 335 4274 Greg.
357 4206 388 4260 G.
411 4207 470 4260 119.

104 4297 132 4362 2)
168 4291 314 4350 Heraclid.
333 4309 377 4363 op.
395 4289 520 4346 Eustath.
540 4292 617 4355 1557,
637 4289 680 4342 36.
718 4290 772 4347 πᾶς
796 4285 895 4349 pillos
915 4289 1033 4367 geroisae
1052 4285 1096 4338 tut
1111 4287 1169 4359 apl·

914 4399 972 4466 19*
