2742 4814
357 299 391 398 §.
414 305 475 384 48.
529 309 585 382 De
604 303 755 382 mitiore
774 307 925 382 Doride.
1112 305 1190 386 tot

82 518 176 578 certe
197 499 335 574 Doridis
361 529 425 574 usa
454 506 562 574 iliona
589 507 688 574 babet
718 517 773 572 aut
801 507 921 574 babere
949 507 1090 575 videtur.
1136 511 1188 576 tto

81 611 254 703 pertinent
274 617 291 675 l
311 619 386 678 aute
407 610 572 697 linguolcs
593 608 629 674 in
653 637 670 673 ν
691 619 870 692 mutatum,
905 611 964 699 qui
986 633 1067 678 usus
1089 612 1187 677 ctiam

82 712 276 782 Laconibus
298 723 331 776 et
352 711 493 778 ltaliotis
516 710 669 799 cognitus
700 710 828 792 ruisse,
861 710 971 776 minus
998 724 1086 777 recte
1114 712 1187 780 uni·

82 839 200 882 versae
221 811 342 880 Doridi
369 813 471 880 tribui
491 812 621 879 videtur
650 811 718 878 vid.
742 811 775 894 ξ.
801 811 862 894 15,
885 813 925 897 43
957 813 1121 904 palatinae
1150 816 1186 882 in

81 917 260 986 verborum
288 915 323 982 iu
354 921 398 992 ξω
420 913 670 982 decliuumentis
694 925 807 980 eontra
826 913 995 1004 antiquam
1018 925 1051 980 et
1070 917 1187 1004 genni-

81 1042 164 1090 nam
189 1017 349 1084 rationem
378 1016 733 1108 subinde'assumptac
762 1028 800 1082 ut
828 1015 1059 1104 κεκρατήριχα,
1090 1019 1187 1105 cujus

80 1120 335 1188 consuetudinis
354 1132 521 1210 praeterea
545 1144 563 1186 e
583 1116 749 1186 Laconica
772 1117 912 1186 dialecto
935 1121 1083 1211 exemplu
1104 1142 1187 1186 nou·

8 1223 9 1226 ’
81 1221 178 1288 nulla
198 1220 411 1318 innotuerunt
433 1225 465 1306 ξ.
491 1223 552 1305 11,
574 1223 615 1304 43
652 1221 718 1288 iota
739 1219 775 1286 in
794 1223 878 1286 ἱστία
900 1231 932 1286 et
954 1225 1061 1302 tutu,
1097 1222 1187 1312 quod

81 1315 173 1392 certe
195 1322 336 1388 ltaliotis
360 1348 427 1390 non
448 1326 560 1390 minus
587 1324 750 1416 familiare
779 1334 831 1390 cst
858 1323 889 1407 ξ.
915 1323 973 1402 16,
995 1325 1035 1410 33
1069 1344 1096 1410 ψ
1125 1348 1187 1415 pro

83 1452 130 1509 ou
152 1425 190 1491 in
211 1424 463 1514 pronominibus
484 1439 688 1516 assumptum
711 1438 748 1492 ut
767 1429 844 1512 ψίν,
866 1426 965 1493 verba
989 1426 1024 1491 in
1040 1431 1105 1502 αζω
1125 1449 1187 1514 pro

83 1554 131 1592 αω
155 1526 309 1594 exeuntia
330 1539 367 1592 ut
392 1526 590 1608 ἀκροάζομαι
610 1528 643 1610 ξ.
668 1527 729 1612 35,
755 1529 795 1611 13
827 1526 942 1594 aoristi
965 1528 1104 1595 secundi
1126 1489 1186 1608 iub
1272 1533 1281 1554 '

81 1628 250 1722 perativns
274 1628 494 1718 grammaticis
515 1628 655 1696 testibus
684 1629 719 1696 iu
750 1654 785 1694 ov
813 1628 971 1695 desinens
999 1641 1035 1694 nt
1066 1609 1187 1714 dodptlv

80 1733 115 1817 ξ.
138 1731 196 1815 37,
219 1732 262 1815 53
294 1731 497 1820 perlectaiu
510 1728 690 1796 ,indicativi
712 1730 875 1817 singulari
896 1745 929 1796 et
949 1730 1116 1821 participii
1137 1733 1186 1798 fe·

79 1833 211 1902 minino
233 1834 454 1924 praesentium
476 1832 640 1901 notionem
672 1842 784 1898 secuta
813 1844 849 1898 ut
877 1833 1004 1917 γεγάθει
1033 1843 1066 1899 et
1095 1837 1185 1898 ἑστα-

81 1939 187 2002 ιιοῦσα
208 1935 242 2019 ἓ.
265 1937 330 2018 41,
353 1938 383 2002 1.
407 1937 440 2004 4.
493 1934 615 2003 Omnia
636 1944 744 2000 tomen
767 1944 824 2000 aut
844 1935 918 2021 ejus
940 1935 1073 2025 generis
1095 1947 1185 2019 sunt,

8 2041 9 2046 ’
81 2061 168 2128 quae
191 2062 210 2105 a
231 2036 359 2126 reliqua
381 2037 511 2132 vulgari
531 2037 659 2104 Doride
681 2036 885 2104 confidenter
906 2038 1184 2125 abjudicarentur

8 2221 9 2228 ἵ
79 2142 194 2226 liccat,
217 2150 273 2205 ant
294 2139 404 2208 minus
425 2140 539 2227 gravia
561 2151 593 2206 et
613 2164 734 2230 paucas
750 2162 847 2207 voces
864 2140 1042 2227 tangentia.
1073 2140 1186 2225 Quare

8 2265 9 2276 ¹
81 2242 231 2310 Siculam
263 2239 406 2311 mitioris
433 2241 572 2309 Doridis
603 2242 744 2333 speciem
769 2268 792 2336 a
821 2243 954 2331 vulgari
979 2241 1106 2314 Doride
1136 2267 1186 2310 so·

81 2344 423 2442 preparanolnimus.
453 2385 496 2396 -
539 2344 641 2435 Apud
663 2345 897 2435 Epicbormum
920 2369 1023 2434 pones
1045 2345 1186 2434 syllaba·

8 2453 9 2484 l
79 2473 157 2516 rum
177 2447 327 2513 finalium
350 2458 570 2535 correpturum
586 2447 749 2536 exempla
779 2447 1011 2535 reperiuntur,
1045 2447 1100 2522 τός
1127 2471 1187 2535 pro

81 2549 158 2626 τούς
179 2549 247 2620 vid.
271 2548 303 2631 ξ.
326 2548 391 2629 21,
415 2547 556 2624 deiude,
579 2547 609 2614 si
631 2557 718 2614 recte
740 2549 900 2637 suspicati
922 2572 1052 2628 sumus,
1076 2550 1186 2620 inlini-

8 2661 9 2692 ³
81 2655 228 2720 tivorum
256 2649 504 2740 conjugationis
531 2649 566 2714 in
595 2673 630 2730 μι
651 2647 824 2715 Rhodiaco
854 2673 944 2714 more
961 2651 1007 2717 'in
1036 2676 1103 2734 μειν
1124 2661 1187 2722 teu·

8 2771 10 2792 ³
81 2755 283 2826 minutorum
305 2764 342 2822 ut
363 2754 470 2835 θέμιιν
491 2774 550 2840 pro
572 2751 686 2835 debeo,
708 2752 814 2816 uriom
835 2751 904 2818 vid.
927 2752 958 2834 ἕ.
976 2753 1032 2837 39,
1048 2753 1078 2818 5.
1124 2753 1188 2824 lllo

79 2881 166 2924 usus
187 2855 310 2922 rectius
335 2854 377 2921 ad
403 2861 573 2944 petitarum
596 2854 795 2923 Doricorum
825 2853 990 2921 licentiam
1020 2877 1117 2942 quam
1147 2854 1188 2925 stl

8 2969 10 3006 f
81 2960 187 3026 Coam
210 2957 402 3048 Epicharmi
424 2956 587 3046 originem
609 2956 727 3022 referri
751 2956 909 3041 videtum.
926 2956 981 3022 bio
1003 2957 1044 3025 ad
1066 2957 1187 3022 Gelen-

81 3083 138 3130 ses
162 3084 186 3130 a,
204 3059 333 3128 Gelone
356 3058 537 3148 Syracusas
558 3059 726 3124 traductos
740 3058 867 3126 Herod.
883 3057 964 3140 Vll,
984 3059 1057 3126 156.
1098 3058 1187 3124 Con·

80 3173 278 3230 scotaneum
304 3162 394 3228 enim
424 3171 493 3245 est,
522 3159 558 3252 in
589 3161 663 3226 aula
687 3159 826 3226 Gelonis
855 3170 889 3226 et
916 3159 1096 3244 Hieronis,
1130 3161 1187 3226 ubi

80 3264 304 3354 Epicharmus
320 3273 470 3330 versatus
488 3272 559 3347 est,
584 3261 779 3331 Gelensium
793 3260 968 3328 dialectum
978 3261 1186 3352 aliquamdiu

8 3381 9 3390 ’
81 3377 243 3436 servatum
265 3389 352 3432 csse.

170 3468 208 3556 3)
251 3467 509 3556 Argivorum
530 3465 712 3547 dialectos,
747 3485 832 3552 quac
852 3485 872 3528 e
892 3464 1005 3553 paucis
1027 3463 1189 3558 titulisot
1273 3459 1275 3464 ’

80 3569 370 3661 grammaticorum
392 3567 578 3658 praeceptis
600 3589 714 3655 parum
731 3574 881 3630 accurate
897 3567 1110 3656 cognoscitur
1130 3569 1187 3648 (de

81 3673 218 3740 foedere
241 3671 396 3760 Tbucpd.
420 3669 467 3751 V,
488 3669 532 3736 79
553 3667 650 3734 modo
672 3667 794 3735 dictum
817 3669 900 3751 est),
931 3693 948 3732 a
970 3669 1097 3757 reliqua
1118 3669 1187 3738 Do·

80 3777 157 3845 ride
185 3774 335 3858 mitiore,
370 3772 411 3838 ad
440 3795 537 3862 quam
559 3779 693 3859 propter
713 3767 877 3856 genitivos
899 3770 934 3833 in
958 3787 995 3834 oo
1015 3771 1188 3839 referenda

80 3890 155 3962 est,
179 3875 304 3968 duabus
327 3875 430 3942 rebus
450 3871 604 3946 distincta
626 3882 716 3939 erate
743 3869 890 3960 primum
914 3869 1049 3960 antiqua
1070 3897 1187 3942 conso.
1230 3893 1233 3900 ,

80 4003 202 4048 narum
223 4003 262 4046 vo
283 3976 519 4064 conjunctione
539 3985 665 4040 servate
686 3979 859 4047 utd'urrouc
886 3996 947 4063 pro
977 3981 1089 4049 ἵππους
1116 3975 1184 4042 vid.

77 4085 115 4168 ξ.
142 4079 205 4166 14,
239 4105 338 4171 quem
369 4102 464 4144 usum
494 4073 648 4146 nonnulli
671 4074 880 4142 Cretensium
907 4099 1111 4142 communem
1133 4079 1188 4142 ba·
1248 4073 1250 4077 ’

77 4184 227 4268 bebant,
260 4167 379 4250 deiude
408 4181 515 4270 sigma
544 4180 632 4245 iuter
660 4180 790 4246 vocales
820 4175 857 4241 iu
885 4187 1036 4266 asperum
1064 4191 1187 4248 mutato
