2754 4818
344 383 403 456 Ad
415 344 590 536 Librum
616 383 839 460 Secundum
1071 380 1147 459 577

7 611 63 682 pl
43 563 117 626 dem
139 561 308 654 apposito.
347 563 391 637 ὥς
414 565 430 628 ὁ
452 567 509 644 μὲν
530 561 664 648 ἀτρέμας
686 561 754 629 εὗδε
782 563 885 650 odron
909 563 968 630 ἀνὰ
992 563 1147 650 Γαργάρῳ

15 665 141 753 ἄκρῳ.
185 663 270 732 Ν55ι
293 663 481 754 epitheta'
461 692 559 750 ακρος
581 677 614 731 51
630 665 802 755 ἇγάρνιρος
824 667 860 733 id
875 667 1034 750 efficiunt,
1057 667 1148 756 quod

9 733 231 832 Macrobius
255 767 436 853 contendit.

128 869 225 959 Pag.
250 870 314 937 458
343 871 393 935 l‘r.
418 871 492 936 131.
546 869 727 936 Versus’
707 869 874 953 arovdpor
903 871 1025 960 legitur
1053 870 1145 936 Auo.

12 972 129 1038 Oxx.
153 971 214 1048 lv,
237 971 323 1060 253,
345 973 407 1055 29,
431 970 689 1055 5115555515
712 972 823 1054 ἄνδρα.

127 1073 210 1160 Peg.
231 1075 293 1140 471
318 1073 1144 1164 55157.15511551155511515555511155555.

7 1159 16 1196 1
126 1175 223 1263 Peg.
247 1174 312 1242 476
340 1177 609 1244 1511151155
639 1178 860 1264 fragmentum
891 1175 1005 1242 addidi
1027 1175 1148 1265 Gryse·

14 1303 115 1343 rum
139 1290 319 1368 sequutus,
344 1278 440 1366 cujus
465 1279 652 1344 dissertatio
675 1279 715 1344 de
739 1278 934 1368 Sophrone,
967 1303 1067 1368 quum
1090 1279 1147 1344 diu

7 1384 162 1446 trustra
183 1381 330 1469 quaesito
351 1381 485 1446 tandem
508 1381 758 1446 Soltucidewioi
780 1381 846 1446 ruci
868 1405 945 1447 cura
972 1383 1008 1446 iu
1031 1405 1148 1448 manus

7 1471 130 1549 miens
153 1483 377 1572 pervenisset,
401 1483 487 1548 nihil
510 1483 600 1548 aliud
622 1482 792 1548 continere
815 1482 885 1547 visa
908 1494 979 1559 551,
1003 1505 1070 1572 quo
1093 1483 1148 1550 ltic

8 823 26 883 11

7 1029 22 1092 tit

7 1573 175 1676 15511155
198 1587 246 1651 511
267 1585 390 1653 liceret
431 1584 593 1656 Consulto
611 1584 783 1650 omisimus
802 1585 1035 1673 fragmentum,
1058 1587 1148 1675 quod

41 1713 117 1753 cum
139 1686 312 1753 Husclrlrio
334 1689 374 1752 de
396 1688 540 1752 Annio
563 1686 735 1754 Cimbro
756 1711 791 1776 p.
814 1686 869 1752 64.
893 1684 1087 1752 Diodorlius
1111 1687 1145 1751 15

15 1791 146 1855 'Thes
170 1790 248 1855 Par.
280 1813 308 1854 s.
335 1814 366 1854 v.
396 1791 525 1872 βαΰζω,
563 1787 700 1878 Gryser.
722 1814 757 1879 p.
782 1791 823 1871 7,
855 1785 1044 1854 Meiuelaius
1066 1787 1145 1853 Del.

38 1895 145 1958 Autlr.
168 1916 203 1981 p.
228 1893 308 1975 135,
331 1892 390 1958 alii
412 1917 432 1957 5
455 1889 581 1956 Tectae
598 1891 639 1956 ed
661 1891 830 1980 Lycophr.
854 1889 896 1956 77
918 1915 979 1979 pro
1002 1889 1146 1978 Sophro-

7 1997 9 2032 1
38 2020 103 2060 555
125 1996 325 2060 attuleruut:
372 1996 389 2059 ὁ
421 1993 482 2077 γὰρ
512 1993 594 2058 κύων
624 1991 1147 2076 βαῢξας(βαι1ξας)λύειτὰφά-

41 2109 192 2180 opaca..
238 2095 288 2160 Ea
318 2095 406 2162 euim
429 2097 572 2162 ’1551555
595 2097 695 2162 verba
719 2101 817 2178 esse,
855 2118 921 2160 nou
945 2094 1144 2184 Sophronis,
1232 2173 1237 2180 .

18 2208 128 2265 'recte
152 2197 359 2264 intellexerat
379 2199 608 2266 Blomlieldius
629 2199 671 2264 ed
692 2199 735 2264 fr.
750 2199 803 2266 38.
827 2195 968 2265 Tzetnes
984 2197 1052 2262 itae
1084 2197 1145 2262 et-

40 2325 113 2368 ουσι
137 2297 168 2360 δ’
192 2297 301 2368 αὐταῖς
322 2297 414 2384 (Ῥέᾳ
437 2306 490 2365 καῖ
509 2299 649 2389 Ἑκάτῃ)
674 2299 789 2378 κύνας,
828 2299 872 2375 ὥς
894 2325 975 2382 φησι
996 2297 1144 2386 Σώφρων

38 2409 71 2469 ἐν
94 2405 235 2481 Μίμοις·
284 2404 301 2467 o‘
322 2401 382 2486 γὰρ
406 2403 488 2466 κύων
516 2405 637 2484 dodica
665 2403 730 2467 triac
750 2401 789 2466 τὰ
811 2395 980 2484 φάσματιὶ,
1025 2405 1068 2480 ὥς
1090 2408 1144 2475 καὶ

35 2501 155 2594 χαλκὸς
178 2510 346 2590 κροτηθεὶς
368 2508 426 2568 εἴτε
447 2532 476 2574 ,τι
497 2509 645 2570 τοιοῦτον.

359 2810 823 2881 ΕΡΙΜΕΉΗΙΜ.

124 3030 358 3097 Additamento
381 3030 421 3094 ad
445 3043 618 3122 utrumque
638 3033 763 3098 librum
784 3037 970 3122 typothetae
987 3035 1059 3119 jam
1081 3045 1144 3100 tre-

28 3141 106 3205 dita
138 3144 250 3212 erant,
295 3156 396 3221 quum
429 3135 526 3200 allata
562 3143 752 3227 sunt‘quae
781 3138 901 3200 vellem
940 3137 1021 3201 milri
1050 3136 1143 3226 prius

7 3245 170 3332 'praesto
198 3236 350 3300 luissent.
396 3235 542 3302 Primum
565 3238 696 3303 Franzii
727 3237 955 3312 benevolentia
978 3239 1143 3328 epigram-

24 3347 124 3409 mata
145 3335 324 3402 Lesbiacac
347 3337 499 3420 dialecti,
523 3339 664 3430 quaein
687 3337 876 3405 Memnonis
900 3351 1004 3406 statua
1022 3339 1143 3428 scripta

25 3447 169 3520 extant,
199 3463 217 3502 a
241 3463 276 3504 se
298 3437 467 3512 emendate
489 3449 521 3502 et
543 3441 693 3529 suppleta
716 3440 909 3508 transmisit.
955 3444 1056 3532 Apud
1077 3442 1142 3508 Le·

23 3540 224 3614 moenium,
264 3541 321 3629 qui
350 3539 586 3629 inscriptiones
614 3542 823 3612 Memnonias
845 3569 864 3608 5
888 3543 986 3610 Saltii
1007 3567 1142 3632 apogra-

19 3650 100 3737 pho
124 3643 159 3708 in
183 3642 458 3710 Transactiouum
480 3641 607 3734 Regiae
636 3643 812 3712 Societatie
836 3646 1026 3713 Literarurn
1050 3647 1141 3710 Lou-

20 3746 189 3817 dioensis
213 3758 246 3812 et
266 3747 426 3837 peculiari
448 3745 535 3812 libro
558 3739 680 3824 edidit,
705 3761 781 3814 sunt
803 3775 854 3814 nr.
875 3749 926 3815 19.
944 3749 997 3816 21.
1014 3748 1069 3813 23.
1085 3749 1140 3814 24.

19 3851 97 3929 253
134 3848 192 3913 sed
215 3875 314 3938 quum
346 3851 380 3915 in
403 3849 455 3914 tis
477 3850 634 3940 temporis
657 3851 821 3940 augustiis
843 3861 995 3916 neutrum
1018 3850 1140 3938 librum

15 3948 117 4018 milri
141 3972 327 4038 comparare
347 3952 494 4043 possim,
521 3953 584 4020 soli
607 3951 742 4018 Frauzii
764 3955 952 4044 apographo
976 3951 1141 4020 confidere

14 4060 172 4140 oportet.
219 4047 294 4117 Viri
323 4055 426 4143 igitur
454 4055 685 4122 humanissimi
715 4057 810 4130 venia
840 4057 1011 4145 impetrata
1041 4077 1141 4142 eppo-

11 4177 108 4221 nem
131 4151 393 4242 epigrammata,
440 4182 523 4247 quae
559 4157 675 4248 paucis
706 4157 838 4244 cognita
871 4181 946 4224 csse
975 4155 1140 4238 videntur,

8 4277 103 4322 raro
135 4253 171 4318 in
203 4255 412 4345 gravioribus
441 4259 539 4324 rebus
567 4285 586 4324 5
608 4259 742 4324 11555511
771 4261 966 4326 recensione
988 4257 1141 4324 recedere

87 4381 136 4445 ll.
354 4419 357 4422 <
705 4447 707 4452 .
901 4389 942 4454 37
