2754 4818
265 1397 355 1486 Ad
380 1339 611 1485 Librum
636 1397 960 1484 Secundum.

527 1647 696 1660 *ὠά-ιο.

44 1954 47 1960 ’
141 1963 243 2047 Pag.
267 1958 299 2024 6.
344 1958 397 2024 De
426 1958 563 2024 Doridis
594 1957 730 2024 interitu
760 1956 835 2024 vide
864 1959 984 2024 Franz.
1017 1960 1158 2028 Elemm.

55 2059 177 2153 Epigr.
204 2061 265 2126 Gr.
289 2085 323 2149 p.
342 2061 425 2144 185,
450 2060 508 2150 qui
529 2059 636 2143 liber,
658 2084 759 2149 quum
781 2059 841 2127 illa
865 2060 1070 2146 scribebam,
1094 2089 1160 2131 uon

53 2175 123 2231 erat
145 2165 190 2230 ad
212 2186 354 2232 manum.
421 2161 521 2246 Quod
541 2163 585 2229 V.
610 2161 655 2227 D.
678 2163 959 2253 Amphictyonum
982 2165 1160 2232 concilium

52 2267 219 2334 maturius
248 2288 345 2355 quam
379 2265 529 2354 singulas
562 2265 710 2332 civitates
738 2267 908 2356 vulgarem
943 2267 1092 2358 linguam
1124 2271 1159 2334 iu

51 2369 203 2438 Doricae
226 2367 359 2436 dialecti
386 2369 496 2435 locum
520 2369 679 2436 ascivisse
701 2393 719 2435 e
742 2369 884 2436 decretis
904 2369 940 2434 iu
962 2369 1160 2441 Demosthe-

50 2473 107 2538 nis
136 2471 289 2538 oratioue
319 2472 360 2537 de
390 2470 522 2537 Corona
553 2495 587 2560 p.
610 2471 684 2540 278.
703 2471 768 2540 279
797 2484 830 2536 et
857 2472 892 2536 iu
918 2472 1018 2563 Corp.
1051 2475 1156 2541 lusca.

48 2599 103 2641 nr.
123 2572 225 2640 1689.
241 2574 310 2638 a.b
331 2574 469 2640 servatis
490 2559 642 2662 colligit,
672 2572 743 2659 jam
764 2575 877 2662 paullo
899 2575 1083 2642 accuratius
1104 2601 1161 2641 cx·

46 2698 179 2768 ponere
220 2673 311 2739 licet.
377 2675 573 2765 Quanquam
607 2675 694 2741 enim
727 2675 867 2742 decretis
897 2676 1160 2746 Demostheneac

47 2774 201 2848 orationi
229 2775 364 2842 insertis
386 2779 524 2844 multum
547 2778 626 2844 fidei
654 2778 768 2846 haberi
791 2779 927 2869 nequit,
961 2791 994 2846 at
1017 2805 1084 2846 uon
1108 2805 1159 2848 so·

46 2885 122 2950 lum
146 2903 202 2944 ur.
229 2877 313 2945 1689
334 2890 366 2945 et
389 2879 483 2947 1689.
503 2881 525 2945 h
547 2881 631 2948 nihil
652 2881 768 2948 Dorici
790 2883 911 2950 habent
932 2895 1159 2976 praeterquam

46 2988 83 3054 in
108 2980 309 3074 nominihus
331 2982 497 3072 propriis,
526 2985 702 3050 sedetiam
725 3010 775 3050 ur.
798 2985 881 3052 1694
902 2998 934 3051 et
956 3011 993 3052 ca
1015 2989 1157 3066 decreta,

46 3111 136 3181 qnae
167 3086 207 3150 in
229 3085 481 3176 eodcm'lapidc
508 3110 583 3152 cum
612 3113 662 3154 nr.
688 3089 783 3158 1689.
807 3088 829 3152 b
858 3090 989 3154 inventa
1012 3089 1159 3154 Lealrius

46 3191 158 3259 edidit
181 3189 221 3254 iu
243 3191 376 3254 Traoels
398 3191 714 3277 throuqb'Northern
731 3191 850 3255 Greecc
867 3190 946 3255 Vol.
959 3190 1004 3254 ll.
1028 3215 1079 3254 ur.
1094 3190 1158 3274 993

44 3308 223 3388 postremo
252 3290 416 3356 decretum
447 3293 487 3356 ah
510 3292 592 3355 lirn.
618 3291 735 3357 Curtio
765 3289 800 3353 in
828 3291 916 3357 Mus.
941 3291 1049 3356 Rhcn.
1076 3293 1159 3360 1842
1191 3333 1197 3346 ι

43 3425 79 3490 p.
99 3398 146 3466 93
166 3416 266 3482 seqq.
290 3417 342 3456 nr.
360 3394 398 3457 11
422 3393 546 3458 editum
567 3417 586 3456 a
608 3393 718 3458 verbis
739 3396 871 3468 πυλαίας
895 3392 1053 3476 ὀπωρινῆς
1074 3399 1158 3476 ἱερο-

42 3494 291 3586 papparomano
322 3515 475 3558 exorsum
507 3505 622 3581 postca
656 3494 696 3562 ad
728 3495 865 3561 Doridis
897 3520 993 3561 usum
1026 3494 1154 3561 transit.

42 3607 121 3674 Jam
145 3619 229 3668 vero
254 3597 313 3662 illa
334 3595 616 3686 Amphictyonum
638 3598 767 3663 decreta
789 3596 919 3674 omnia,
962 3609 997 3662 ut
1020 3595 1157 3662 Curtius

42 3699 226 3774 Boechhio
253 3696 295 3761 ad
323 3722 375 3763 nr.
401 3697 485 3764 1694
513 3710 691 3788 praeeunte
719 3699 804 3764 hene
833 3699 1020 3783 intellexit,
1055 3722 1156 3789 qnan-
1240 3778 1245 3791 Ι

41 3833 147 3901 quam
171 3799 338 3869 Leahiaui
358 3800 448 3866 tituli
470 3825 536 3866 uon
558 3824 700 3880 memor,
741 3801 876 3866 adeam
899 3811 1034 3866 aetatem
1056 3800 1155 3890 pcrti-

40 3924 152 3993 nent,
196 3927 262 3992 qna
285 3903 399 3969 Aetoli
425 3913 549 3969 tantum
578 3903 749 3992 potestatis
780 3903 866 3968 inter
895 3903 1156 3992 Amphictyones
1240 3957 1241 3966 ,

39 4016 109 4082 sihi
132 4017 395 4093 arrogaverant,
433 4018 470 4072 nt
487 4029 600 4072 eorum
621 4006 905 4071 hieromnemoues
935 4015 991 4069 aut
1012 4004 1075 4071 soli
1101 4017 1156 4070 aut

38 4118 155 4208 primo
187 4109 279 4180 loco!
296 4107 537 4192 scriberentur,
581 4107 671 4198 qnod
698 4108 734 4173 iu
765 4108 854 4174 tertii
883 4133 913 4172 a.
937 4106 1000 4171 Ch.
1033 4107 1155 4173 saeculi

37 4220 174 4286 exitum
200 4219 235 4278 et
255 4211 393 4276 secundi
416 4213 549 4280 initium
570 4213 688 4278 cadere
709 4222 849 4302 oportet.
880 4206 956 4278 ·Ncc
974 4208 1153 4300 quidquam
