2726 4820
218 377 296 454 232
331 441 334 448 .
605 380 662 452 De
684 379 947 454 declinationes

222 586 445 672 acutioribus,
478 593 516 650 ut
538 581 742 667 όναγορεόοει
762 580 872 648 illaad.
895 578 1053 665 2525,1),
1084 578 1254 666 πορευρίσιι
1270 583 1295 638 at

221 691 310 758 πόλει
330 688 467 780 Cor-eyn
492 685 594 770 1845,
617 685 802 769 παρευρέσει
823 683 926 750 Ther.
949 683 1036 752 2118
1056 693 1119 748 eto.

285 789 477 860 Pluralis
499 787 798 854 Nominati'vus
820 785 905 875 apud
928 783 1128 875 antiquiores
1139 780 1297 850 Dorienses

222 897 258 962 in
282 893 450 970 accersita
485 890 605 979 Epicu.
630 888 650 954 5
671 889 816 972 μόοτιες,
838 887 881 954 30
902 885 1069 971 πρήστιες,
1094 886 1228 975 Lysistr.
1248 881 1297 948 981
1347 939 1348 980 q

222 995 404 1080 πρυτάνιες,
439 991 594 1080 Thucyd.
625 990 672 1072 V,
701 989 756 1057 77.
787 991 830 1056 79
860 988 978 1065 πόλιες.
1008 1029 1050 1040 -
1093 985 1299 1054 Genitivus

221 1099 324 1188 vulgo
344 1099 379 1165 iu
410 1121 498 1173 ισιυ,
532 1105 571 1160 ιιι
591 1095 707 1158 πολίων
727 1092 843 1157 llerm.
870 1091 971 1175 1193,
1004 1093 1177 1176 πρυταυίοιυ
1196 1089 1299 1174 Astyp.

221 1201 318 1270 2184.
341 1199 449 1283 2485,
480 1197 661 1260 duodecima
681 1193 832 1260 Arabim.
855 1194 960 1260 Areu.
982 1218 1016 1283 p.
1041 1193 1115 1261 319.
1167 1189 1257 1276 Quod
1273 1188 1301 1252 iu
1348 1226 1349 1260 ι

223 1302 314 1370 Cret.
338 1298 437 1382 2556,
462 1297 504 1366 52
522 1296 641 1362 πόλεων
663 1295 822 1386 seriptum
844 1307 913 1379 est,
936 1295 1104 1362 miramur.
1128 1335 1167 1348 -
1208 1289 1302 1358 Dati·
1348 1285 1349 1340 l

221 1426 299 1469 vus
320 1401 408 1494 apud
428 1400 632 1490 antiquiores
654 1398 690 1464 iu
713 1423 842 1477 ιεσσι,
876 1409 912 1465 ιιι
933 1400 1077 1464 πολίεσσι
1097 1395 1244 1485 Thucyd.
1266 1391 1302 1475 V,

221 1505 276 1574 77.
300 1505 362 1591 793
406 1503 442 1568 iu
469 1501 574 1568 titulis
603 1501 691 1568 iufra
718 1500 902 1568 Alexandri
931 1511 1067 1568 aetatem
1099 1511 1150 1568 ast
1176 1495 1303 1586 vulgaris
1349 1520 1350 1600 ρ

221 1609 347 1689 torma,
369 1616 407 1671 ut
422 1603 532 1672 πόλεσι
546 1604 662 1670 Herm.
681 1603 778 1687 1193,
800 1602 892 1670 Cret.
907 1601 1005 1679 2556,
1028 1602 1198 1688 πρυτάνεσι
1209 1597 1304 1665 111οό.

221 1710 328 1793 2905,
352 1705 512 1792 ἐπιχύσεσι
532 1705 641 1773 lilrud.
666 1705 815 1790 2525,1ι.
846 1743 887 1754 ··-
917 1706 1200 1771 Accusativus
1219 1702 1304 1786 vulga

222 1810 258 1878 iu
282 1836 363 1896 ιος,
396 1821 433 1874 ut
455 1810 582 1890 κρίσιας
604 1807 741 1896 Corcyr.
766 1804 869 1890 1815,
892 1805 1003 1882 πόλιος
1027 1805 1118 1874 Cret.
1142 1805 1244 1888 3953,
1264 1805 1307 1882 ἐμ·

222 1912 336 1997 μόοιας
359 1910 451 1978 Cret.
473 1908 577 1988 2555,
603 1909 781 1986 ἀποδείξιος
802 1907 951 1974 Arolrim.
973 1908 1078 1974 Areu.
1102 1934 1139 2000 ρ.
1162 1909 1234 1977 329.
1350 1923 1351 2004 l

307 2015 423 2105 ltaque
445 2015 508 2080 lma
529 2024 580 2081 est
599 2012 700 2098 hujus
722 2009 953 2079 declinationis
974 2012 1131 2078 schemae

359 2197 624 2287 Singularis.
938 2196 1146 2264 Pluralis.

222 2321 320 2386 Nom.
349 2315 440 2394 πόλις
771 2321 882 2398 πολίες,

225 2421 309 2486 Gen.
349 2418 459 2496 πόλιος
544 2494 546 2498 ,
769 2423 915 2514 πολίων,

223 2526 301 2592 Dat.
351 2530 444 2600 πολῖ,
467 2544 531 2587 ree.
556 2521 641 2587 πόλει
768 2524 930 2600 πολίεσσι,
955 2545 1021 2588 ree.
1045 2520 1158 2588 πόλεσι

223 2629 305 2695 Aee.
351 2624 441 2690 πόλιν
609 2655 611 2668 ·
680 2683 685 2687 .
768 2628 890 2700 πολίας.

221 2830 347 2908 Vides,
382 2826 507 2919 ubique
539 2855 552 2891 ι
583 2828 688 2895 teneri
721 2819 946 2928 praeterquam
979 2829 1014 2896 in
1047 2829 1153 2898 dativi
1186 2823 1308 2919 pluralis

222 2932 372 3000 breviore
405 2930 529 3013 forma,
566 2930 623 2995 ubi
652 2931 760 2998 πόλισι
790 2933 1009 3020 oaeophuuiae
1038 2957 1138 3000 eausa
1170 2932 1309 3000 evitatura

222 3046 284 3101 est.
331 3032 442 3117 Quare
469 3036 656 3122 quanquam
684 3057 721 3100 ea
743 3057 809 3100 uun
831 3034 994 3123 reperitur
1014 3033 1050 3099 iu
1071 3033 1224 3102 soutilms
1244 3029 1308 3096 Ale·

221 3136 348 3203 xa'ndro
369 3132 633 3225 antiquioribus,
656 3157 722 3200 uon
744 3136 878 3202 videtur
896 3147 1004 3202 tamen
1027 3160 1067 3204 ex
1087 3137 1205 3213 Attica
1226 3133 1309 3200 diale·
1352 3219 1353 3226 ρ

222 3250 276 3306 eto
297 3248 461 3326 assumpta
485 3258 576 3319 esse,
611 3237 689 3315 sed,
723 3237 914 3329 siqnidem
936 3238 1103 3328 antiquior
1124 3238 1229 3309 Doris
1249 3237 1309 3302 lue·
1352 3269 1353 3284 ι

221 3342 314 3408 viere
335 3338 563 3405 terminatione
584 3363 645 3405 usa
671 3350 738 3418 est,
761 3362 833 3406 eam
857 3365 923 3406 uon
946 3367 994 3405 ισι
1014 3341 1172 3408 sonuisse
1192 3359 1310 3433 persua·

224 3469 297 3510 sum
312 3441 443 3508 habeto.
486 3439 540 3508 De
563 3465 591 3505 ει
610 3465 671 3533 pro
690 3441 707 3501 ῐ
727 3439 762 3508 iu
785 3441 893 3510 dativo
915 3443 1078 3534 singulari
1099 3470 1118 3510 a
1141 3442 1310 3512 recentiore
1352 3531 1353 3534 Ἴ

222 3543 349 3612 Doride
372 3553 539 3632 assumpto
560 3542 628 3612 vid.
652 3546 683 3628 §.
707 3545 770 3628 22,
793 3545 825 3612 3.

308 3645 501 3735 Sequuntur.
530 3646 614 3712 hano
649 3646 901 3714 declinationem
933 3637 1030 3712 laud
1052 3671 1158 3737 panea
1193 3644 1310 3715 nomin

221 3748 375 3839 propria,
410 3771 494 3840 quae
521 3747 622 3834 vulgo
652 3748 913 3816 daseiseereuta
959 3751 1044 3819 Gen.
1071 3748 1203 3839 Πάριος
1224 3744 1309 3816 Pind.

222 3851 264 3917 Ρ.
281 3849 346 3933 vl,
363 3850 424 3932 33,
452 3850 562 3923 σε...
584 3849 640 3914 οι.
660 3849 724 3936 rx,
747 3851 790 3919 aa
806 3862 889 3936 eta,
914 3833 1180 3936 ποτήριιξσιω.
1199 3849 1308 3939 uem.

223 3953 326 4035 1705,
371 3949 548 4026 Ἰσοπόλιος
582 3951 715 4040 Amph.
747 3954 764 4018 1
796 3951 840 4018 R.
883 3952 1130 4036 Ἀριοεοπόλιος
1165 3956 1308 4021 Taurom-

222 4053 309 4144 apud
331 4049 526 4120 Torremuz.
549 4052 654 4138 Vlll,
677 4040 716 4140 6⁸,
745 4055 949 4133 Λευκόσπιος
970 4059 1021 4140 (ut
1043 4057 1243 4147 corrigimus
1263 4073 1311 4144 pro

80 4157 87 4164 ”
221 4157 444 4236 Λευκασπιφς)
474 4155 607 4244 θρίου..
622 4155 666 4239 6,
691 4156 788 4224 'Dae
812 4158 958 4243 Λυγδάμι
986 4172 1020 4224 et
1048 4158 1204 4246 Σχιυοόρι
1257 4149 1310 4222 loci

223 4280 341 4324 numen
377 4256 527 4346 (ἔστιχεν
546 4257 650 4340 1818,
689 4257 852 4346 ιΣαρόπει,
889 4260 989 4340 Ἵσει,
1023 4257 1176 4345 ’Aradum
1205 4205 1309 4329 luta
