2712 4818
353 370 384 464 l.
404 376 437 450 1.
453 409 457 420 ¹
489 375 775 455 Pracnronertde:
1085 375 1112 460 3

46 580 110 644 land
126 579 222 648 malae
244 580 372 646 aetatis.
421 579 518 646 Adeo
539 580 665 647 Achaei
684 579 903 670 Aegialsnses
920 581 1054 648 nennio
1076 609 1107 652 a.

45 680 101 746 Gir.
117 683 257 748 secundo
270 681 396 748 Dorice
411 683 543 774 loquuti
562 703 635 748 esse
655 683 807 750 videntur
827 681 907 771 (aid.
911 685 962 752 'L'
976 680 1039 774 1§.
1053 687 1110 768 54)

45 793 68 847 et
81 785 234 850 Arcadum
256 781 453 852 recentiores
473 785 562 852 titali
581 783 696 874 Bagra
717 786 862 852 omnino
867 786 992 854 Dorica
1012 798 1109 856 ntun-
1119 815 1122 820 ¹

44 895 81 948 tn
86 889 295 976 ,qnanqnana
314 885 516 978 antiquiores
535 888 739 1028 peculiarem
754 887 927 1031 dialectum
940 883 1130 1016 exhibent,

43 985 89 1051 vid.
108 989 142 1054 L.
166 991 181 1053 l
215 984 248 1077 ἓ.
273 990 325 1055 53.
580 1012 586 1068 ζ

102 1091 193 1158 Extra
215 1090 392 1158 Isthmum
398 1090 519 1179 Argivi
536 1087 806 1180 Amphilochici,
845 1090 906 1180 qui
924 1101 1017 1158 erant
1035 1032 1109 1160 ιιι·ι

42 1188 107 1256 larse
126 1192 285 1281 originis,
307 1193 348 1258 ab
364 1192 618 1258 Ambraciotis
607 1215 643 1256 ιιι
665 1191 828 1258 civitatem
848 1193 990 1282 soce'ptis
1007 1193 1109 1262 Grae·

41 1313 89 1354 can
106 1294 270 1382 lingnam,
305 1292 447 1360 Doricae
474 1294 592 1384 procul
619 1294 721 1359 dalrio
741 1293 889 1376 dialecti,
922 1319 1106 1387 assumpse-

40 1406 90 1458 nrt
104 1395 295 1486 Thucydide
323 1404 405 1460 teste
433 1395 490 1481 ll,
512 1395 596 1462 68.·'
630 1395 703 1464 Nec
730 1395 839 1462 niinna
860 1395 984 1463 Dorica
1004 1397 1107 1466 aear-

39 1517 127 1563 nnnn
145 1499 333 1582 dialectos,
357 1517 440 1586 qnae
456 1497 497 1562 ‘in
518 1495 622 1562 titulis
645 1497 781 1564 secundi
801 1497 924 1564 saeculi
944 1499 1105 1590 conspici·

39 1605 90 1680 tur,
124 1626 140 1665 a
172 1599 425 1666 Corinthiorum
456 1598 492 1663 in
521 1618 559 1664 ea
586 1610 678 1689 parte
706 1599 844 1664 coloniis
875 1599 951 1664 duci
982 1611 1105 1690 potest.

42 1696 129 1766 Canna
148 1703 242 1767 hand
263 1701 360 1766 facile
380 1696 592 1782 credideiis,
608 1698 748 1766 Aetolos
767 1724 786 1766 a
805 1698 1003 1786 Messeniis,
1045 1701 1105 1791 qni

46 1798 243 1894 aliquantisper
272 1801 480 1892 Naupactum
511 1811 702 1888 tenuerant,
744 1801 1105 1894 Doricam-‘dialectum

47 1904 185 1991 accepisse,
226 1927 294 1993 qna
315 1904 401 1969 circa
420 1899 651 1974 'armosos
672 1927 743 1969 esse
765 1903 853 1968 tituli
869 1903 1013 1988 docent,
1044 1905 1104 1970 sed

42 2023 67 2064 eo
93 2005 241 2072 libentius
278 2004 449 2096 antiquam·
476 1999 609 2092 linguae
650 2000 876 2094 cognationem
910 2015 1104 2090 statuemus,

40 2105 100 2189 quod
120 2108 235 2176 Aetoli
264 2129 337 2184 ¹uno
372 2107 486 2173 saltem
518 2106 703 2176 testimonio
732 2106 833 2188 (L.l
865 2107 940 2190 §.l
969 2113 1040 2169 not.
1062 2108 1102 2186 5)

37 2218 120 2274 canna
145 2211 321 2298 rnlgarcm
353 2207 559 2301 antiquitatis
577 2207 775 2298 opinionem
805 2205 893 2272 inter
920 2205 1102 2274 Dorienses

35 2309 200 2378 niermtnr.
250 2309 421 2400 Delphos,
456 2327 595 2399 quornm
615 2309 703 2374 tituli
724 2331 791 2375 non
811 2308 1103 2375 minns'Doridem

34 2411 166 2498 referunt,
193 2411 363 2480 liliiDcrus
384 2409 468 2477 Dor.
491 2411 563 2502 lp.
586 2413 648 2478 211
671 2410 852 2478 Dorienses
872 2411 975 2476 fnisse
997 2411 1102 2477 credi
1180 2403 1184 2412 ’

33 2507 81 2595 dit,
107 2513 145 2580 dc
165 2539 247 2604 qna
257 2536 299 2578 re
323 2512 410 2576 infra
438 2509 620 2579 accuratilrs
647 2512 841 2578 videbimus.
896 2513 1103 2598 Phocenses,

32 2609 208 2702 locrenses,
231 2615 494 2680 'Ilranmaconscs
515 2617 685 2706 (quaeest
696 2609 896 2679 Phtlnotrdrs
915 2612 1009 2694 urbs)
1031 2614 1100 2680 Do

31 2711 80 2780 ride
97 2741 171 2784 usos
195 2740 270 2784 esse
287 2715 517 2829 inscriptiones
531 2711 750 2836 patciaciunt,
773 2738 855 2805 quos
870 2739 931 2781 nec
943 2713 1102 2782 Doricam

31 2811 176 2884 dialectum
209 2828 374 2896 mutuatos
408 2813 482 2885 ess'e
513 2837 620 2910 neque
658 2817 750 2908 ipsos
768 2811 964 2883 Dorienses
995 2817 1113 2882 fnissc'

30 2916 176 3009 qaisquam
197 2918 387 2986 crediderit.
407 2945 409 2948 ·
431 2919 552 3010 ltaque¹
564 2943 634 3010 per
644 2917 932 3010 septentrionalem
943 2917 1099 2992 Graeciae

29 3032 126 3100 partem
147 3021 335 3112 antiquitus
352 3020 387 3085 id
406 3020 538 3110 linguae
562 3045 665 3109 genus
685 3043 862 3109 regnasse,
881 3019 970 3109 quod
991 3043 1009 3084 a
1029 3011 1098 3086 Do·

29 3117 166 3189 riensilrns
204 3147 244 3188 ex
278 3121 336 3187 illa
375 3123 510 3212 regione
542 3123 682 3210 egressis
711 3122 871 3188 Doricum
903 3122 1099 3212 appellatum

30 3229 62 3282 est
68 3223 169 3310 ,j'am
191 3247 280 3321 nnnc
300 3245 423 3316 ponere
444 3221 549 3335 licet.
589 3223 679 3332 Infra
706 3223 748 3291 ad
779 3245 849 3289 earn
877 3219 1099 3322 quaestionem

27 3341 220 3394 recurremus

83 3428 127 3493 ln
158 3429 257 3497 Creta
281 3428 399 3494 multas
426 3427 525 3493 mbos
552 3423 675 3498 Dorice
703 3425 854 3515 loquetae
882 3425 975 3511 csse,
1011 3413 1098 3514 quas
1126 3483 1129 3490 .

26 3528 117 3594 onnes
138 3531 320 3596 Dorienses
343 3528 478 3598 colonos
500 3527 665 3619 accepisse
690 3551 768 3594 nec·
778 3526 933 3595 traditrrm
959 3536 1018 3592 est
1027 3549 1104 3602 neo.

26 3628 183 3696 verisimile
192 3631 455 3722 ,inscriptiones
476 3630 613 3714 docent,
634 3630 702 3698 vid.
724 3629 757 3714 ᾗ.
767 3630 873 3708 me.
918 3628 1025 3717 Igitur
1044 3626 1102 3692 hic

26 3722 126 3796 Dorica
155 3680 267 3820 lirlgna
294 3757 360 3798 non
391 3733 500 3798 minus
528 3731 570 3798 ad
598 3732 740 3822 populos
762 3731 915 3796 barbaros
936 3739 993 3794 ant
1012 3738 1099 3793 certe

26 3845 77 3891 non
96 3831 236 3898 Doricos
259 3843 434 3926 propagata
455 3843 524 3920 est,
560 3858 657 3923 qnam
676 3833 712 3898 in
735 3825 871 3930 Sicilia,
904 3830 993 3896 ubi
983 3830 1098 3896 rnscri·

26 3929 135 4014 phones
159 3933 409 4064 Segestanorum
430 3947 463 4004 et
481 3935 735 4020 Alnesinornm,
763 3933 823 4026 qui
842 3937 945 4004 crant
955 3930 1097 4016 barbari,

34 4081 109 4097 ‘'⁸oe-
127 4089 246 4098 --·-·..-=-·4-
263 4091 271 4097 ο

26 4157 51 4208 ab
69 4165 133 4219 t
89 4181 163 4231 g
134 4181 178 4220 ι
194 4179 248 4219 nec
265 4165 355 4226 diruta
372 4173 421 4224 'est
431 4182 482 4222 nec
499 4167 577 4222 bello
595 4176 678 4236 capas
694 4181 747 4220 nec
763 4164 871 4221 sineri
889 4151 1111 4230 colanisencta,·''

26 4245 62 4298 ted
78 4267 127 4320 per
145 4265 227 4304 omne
244 4259 349 4322 tenpus
362 4254 457 4333 ‘libera
473 4263 534 4309 erat
550 4262 579 4308 et
596 4253 754 4324 Dryopica.
824 4257 827 4264 '
907 4277 910 4284 ι

860 4374 900 4438 1.
