2716 4818
216 339 295 418 lot.
624 343 681 416 De
703 341 902 420 vocalibus.
1074 383 1078 394 ·

212 544 475 637 improprium
498 555 570 626 est,
601 545 760 621 citamur,
784 571 852 638 quo
872 545 1001 615 vocales
1023 547 1198 640 antiquitus
1217 569 1292 633 sepa·
1349 537 1350 608 ἶ

213 660 300 716 ratae
321 673 390 714 nou
410 647 658 735 conjunguntur
679 648 715 714 iu
736 648 992 739 diphthongum,
1018 676 1061 717 ue
1078 654 1118 718 ab
1132 649 1294 739 antiquiore

178 741 180 748 ’
213 751 347 843 quidem
365 748 492 816 Doride
513 749 658 814 alienum
680 762 750 822 etat
770 763 803 817 et
825 752 912 840 opud
934 749 1111 822 Cretenses
1133 751 1236 844 paullo
1254 748 1293 814 di·

212 855 302 920 udus
326 851 477 942 vigebat,
500 842 666 942 praeterea
687 876 706 918 e
728 852 894 919 Laconica
915 854 1056 923 dialecto
1067 869 1110 938 ,et
1130 851 1296 944 antiquiore

212 956 375 1046 Delpbiea
397 953 529 1042 singnis
552 955 701 1044 exempla
723 967 912 1043 supersunt.
943 964 948 976 ‘
1350 983 1351 1008 ι

298 1058 338 1127 Ιιι
370 1055 478 1122 titulis
513 1056 673 1122 diaeresis
704 1056 982 1147 dipbtbougmnm
1018 1083 1086 1124 uon
1120 1066 1226 1148 potest
1255 1078 1297 1120 eo·

211 1160 352 1250 gnossi,
376 1159 444 1225 uisi
467 1157 565 1224 simul
584 1158 678 1247 prior
698 1159 842 1242 vocalis,
855 1167 950 1251 'qnae
971 1161 1006 1226 iu
1026 1159 1225 1252 diphthongo
1239 1180 1297 1223 cor-
1351 1177 1352 1188 ¹

212 1249 348 1352 cipitur,
376 1261 420 1327 ita
442 1261 597 1350 producta
621 1273 773 1351 apparet,
806 1269 842 1328 ut
862 1269 902 1342 ηἰ·
918 1263 961 1328 sit
982 1287 1044 1354 pro
1066 1288 1104 1329 ιι.
1150 1253 1300 1346 Tadiate-

213 1376 336 1456 gnntur
356 1362 392 1428 iu
417 1361 506 1428 Cret.
526 1361 614 1429 2554
635 1363 660 1429 l.
679 1364 732 1430 51.
755 1361 797 1430 52
818 1365 1025 1452 comouritur,
1050 1365 1216 1451 ἀνδρήὶον,
1238 1359 1300 1451 qni·
1351 1401 1352 1420 r

211 1469 275 1534 bus
298 1465 407 1533 simile
430 1475 479 1532 est
500 1463 587 1530 N.P.
612 1469 747 1552 Λωρηΐα
769 1467 792 1532 Ι.
817 1467 878 1550 86,
902 1491 953 1533 ur.
976 1467 1081 1546 2556,
1104 1468 1171 1535 1..5
1192 1461 1301 1532 mensis

211 1566 395 1657 Δρομῆἴος,
429 1568 453 1632 l.
476 1568 520 1634 29
551 1567 743 1651 πρειγήῖα
773 1571 805 1634 δι’
828 1568 915 1633 ὦπα
936 1567 1043 1657 χρείαν
1063 1571 1117 1661 ἔχῃ
1147 1567 1302 1654 noctibus

211 1669 412 1757 παρεχόντων
444 1680 530 1752 etc,
563 1669 618 1734 ubi
654 1670 790 1752 πορὴΐυν
820 1685 870 1737 est
897 1696 958 1763 pro
988 1673 1138 1762 πορεῖον,
1172 1667 1304 1754 πρειγὴἴα

211 1774 293 1857 (rid.
324 1773 357 1856 ἓ.
382 1770 443 1858 151,
465 1772 501 1852 6)
534 1795 551 1851 a
580 1770 748 1837 Boeclrbio
777 1798 836 1862 pro
866 1778 1017 1858 πρισβιῖα
1045 1775 1228 1865 accipitur,
1256 1768 1306 1837 rix

210 1870 320 1962 recte,
353 1899 456 1965 quum
485 1884 519 1939 et
540 1873 741 1939 constructio
763 1875 953 1968 impeditior
976 1879 1019 1944 sit
1040 1887 1072 1943 et
1094 1879 1132 1944 in
1153 1871 1306 1968 proximis

209 1982 358 2070 legatum
393 1980 428 2042 οἱ
449 1979 481 2040 δὲ
502 1974 543 2057 μή
564 1977 750 2060 παρίσχομεν
771 2017 814 2028 —-
844 1976 1072 2044 οἷποτεισάντων
1093 2017 1137 2030 -
1166 1982 1207 2060 τᾷ
1227 1998 1307 2057 πριι-

209 2086 277 2168 ysiqr
301 2084 457 2162 στατῆρας
480 2079 571 2154 δέκα,
596 2078 690 2142 unde·
704 2091 856 2168 apparet,
878 2081 1024 2165 πρειγήῖα
1047 2105 1122 2148 esse
1144 2106 1208 2173 pro
1229 2079 1307 2164 πριί-

209 2209 297 2269 γιια,
321 2184 491 2265 πρῴραις
523 2190 688 2269 postremo
708 2181 793 2250 139
816 2173 1024 2267 ἆνὸρὴιῖον.
1068 2183 1218 2250 Accedit
1239 2179 1309 2246 Cre·

205 2286 312 2351 ticum
344 2281 485 2360 teritos
515 2281 601 2370 apud
623 2281 829 2371 Hesychium
855 2307 917 2371 pro
943 2287 1051 2362 θεῖον,
1081 2288 1212 2363 darios,
1247 2280 1306 2350 rid·

110 2469 111 2476 ρ
210 2387 243 2471 ἓ.
270 2385 324 2470 17,
346 2386 379 2451 2.
422 2383 616 2450 Laconibus
637 2384 795 2450 tribuitur
815 2386 961 2465 τοπήῖα
983 2386 1057 2455 ἰ.,ιι.
1080 2392 1215 2468 concio,
1239 2386 1311 2451 ὅπλα
1354 2399 1355 2490 ρ

208 2488 286 2564 νεώς
307 2513 325 2553 a
348 2486 475 2554 Scboli.
493 2483 686 2551 Callimacb.
711 2486 841 2576 inDel.
858 2488 932 2555 315.
976 2488 1016 2554 lu
1032 2489 1310 2581 ¹Amphictyonum

113 2589 118 2644 -'
209 2593 341 2658 decreto
363 2587 837 2672 ιιι.1688,14οιιὶερήὶ“α.
884 2589 1006 2656 Contra
1029 2591 1063 2656 iu
1086 2588 1312 2684 Detpu.1705

209 2719 276 2762 nnn
305 2693 471 2759 credimus
501 2690 702 2756 Boeelrbium
733 2714 808 2758 cum
837 2690 1023 2758 Cbaudlero
1061 2705 1153 2760 reete
1187 2693 1312 2768 dedisse

207 2797 415 2874 'Aoeitqiom
439 2793 497 2858 sed
519 2809 543 2858 e‘
558 2792 585 2856 F
587 2791 755 2858 aureliana
777 2792 918 2860 lectione
940 2793 1127 2879 Ἀπιλλριου
1153 2799 1313 2864 malumus

208 2896 397 2963 Ἀπελλαίου
432 2894 627 2977 restituere,
672 2916 755 2984 quae
787 2908 837 2959 est
868 2896 941 2980 ejus
976 2897 1101 2964 mensis
1134 2895 1313 2992 appellatio

208 3000 296 3090 apud
317 2997 515 3064 Macedones
539 3007 571 3063 et
592 2995 628 3059 iu
644 2996 773 3094 tabulis
795 2998 1083 3084 Heracleensibns.
1138 3003 1314 3068 Postremo

209 3099 462 3167 Cboeroboscus
481 3099 572 3164 Anu.
598 3097 687 3164 Oxrn
711 3099 870 3184 11,.244,
893 3101 936 3168 28
965 3101 1128 3181 οἶνήὶὀς
1151 3103 1314 3172 Doricum

206 3227 280 3272 esse
303 3203 382 3268 dicit
402 3226 462 3293 pro
487 3203 612 3275 οἰκεῖος.
925 3217 929 3224 “
987 3229 991 3242 ·

292 3306 332 3372 ln
360 3303 502 3398 reliquis
532 3303 720 3394 purioribus
742 3303 880 3370 Doridis
910 3303 1058 3370 fontibus
1081 3307 1222 3376 nullum
1244 3306 1317 3374 talis

182 3405 431 3474 distractionis
453 3405 631 3493 vestigium
654 3407 836 3496 reperitur3
869 3405 953 3472 adco'
977 3405 1011 3471 iu
1035 3407 1117 3497 ipsis
1140 3411 1220 3477 illis
1244 3413 1317 3476 titu-

107 3555 114 3562 -
204 3510 269 3593 lis,
289 3509 351 3601 qui
375 3507 594 3597 antiquiorem
617 3499 926 3592 usum-servarunt,
955 3509 1068 3576 eontra
1089 3513 1317 3602 constantiam

204 3623 370 3701 peccatur.
411 3609 493 3677 Nam
516 3609 551 3673 iu
567 3608 656 3676 Cret.
673 3609 760 3677 2556
781 3612 977 3684 uonssolum
999 3614 1145 3696 πριιγὴϊα
1172 3628 1211 3682 et
1233 3619 1318 3702 oprt-

204 3739 291 3798 γεια,
323 3725 360 3780 ut
380 3712 540 3789 vidimus,
570 3711 799 3801 reperiuntur,
828 3713 886 3778 aed
907 3712 1003 3778 ctiam
1022 3715 1099 3803 plus
1122 3711 1241 3787 semel
1266 3718 1320 3804 ἆρ-

203 3818 300 3902 χιῐον.
345 3813 496 3902 Ceterum
528 3815 615 3880 unde
643 3815 767 3898 oriatur
796 3842 816 3892 η
840 3815 968 3881 iu-iilis
983 3817 1103 3896 ,formis
1124 3818 1317 3904 distractis,

205 3920 325 3986 melius
347 3929 542 4009 quaeretur,
570 3902 671 4005 qndm
694 3917 735 3982 de
758 3916 897 3982 dialecto
916 3917 1028 4005 Ioui‘ea'
1045 3913 1318 4010 disputabimus.

203 4021 277 4086 Hoc
299 4023 452 4111 apparet,
486 4019 520 4084 iu
543 4018 721 4101 omnibus,
747 4024 839 4109 ’quae
858 4011 1106 4108 congessimus,
1143 4024 1319 4116 exemplis

203 4122 270 4189 iota
302 4122 343 4186 ad
378 4117 640 4187 terminationem
674 4120 836 4210 pertinere
871 4145 980 4213 neque
1018 4124 1058 4188 ab
1090 4123 1255 4213 origine·
1275 4128 1321 4192 di·

153 4281 157 4292 .
203 4226 389 4315 pbtbougoa
423 4222 541 4290 fuisse.
596 4222 688 4288 Idem
713 4222 865 4310 judicare
896 4235 1023 4315 oportet
1054 4227 1108 4304 de,
1122 4225 1320 4315 Ἀτρεΐδας,
