<?xml version="1.0" encoding="UTF-8"?>
<!DOCTYPE html PUBLIC "-//W3C//DTD XHTML 1.0 Transitional//EN"
    "http://www.w3.org/TR/xhtml1/DTD/xhtml1-transitional.dtd">
<html xmlns="http://www.w3.org/1999/xhtml" xml:lang="en" lang="en">
 <head>
  <title>
</title>
<meta http-equiv="Content-Type" content="text/html;charset=utf-8" />
  <meta name='ocr-system' content='tesseract 3.04.00' />
  <meta name='ocr-capabilities' content='ocr_page ocr_carea ocr_par ocr_line ocrx_word'/>
</head>
<body>
  <div class='ocr_page' id='page_1' title='image "./degraccaelingua02ahregoog_0010.png"; bbox 0 0 2712 4818; ppageno 0'>
   <div class='ocr_carea' id='block_1_1' title="bbox 215 392 251 436">
    <p class='ocr_par' dir='ltr' id='par_1_1' title="bbox 215 392 251 436">
     <span class='ocr_line' id='line_1_1' title="bbox 215 392 251 436; baseline 0.028 -1"><span class='ocrx_word' id='word_1_1' title='bbox 215 392 251 436; x_wconf 85' lang='lat' dir='ltr'><strong>vt</strong></span> 
     </span>
    </p>
   </div>
   <div class='ocr_carea' id='block_1_2' title="bbox 133 571 1348 4358">
    <p class='ocr_par' dir='ltr' id='par_1_2' title="bbox 133 571 1324 3003">
     <span class='ocr_line' id='line_1_2' title="bbox 217 571 1315 674; baseline -0.003 -28"><span class='ocrx_word' id='word_1_2' title='bbox 217 574 307 647; x_wconf 88' lang='lat' dir='ltr'><strong>adeo</strong></span> <span class='ocrx_word' id='word_1_3' title='bbox 334 600 379 646; x_wconf 92' lang='lat' dir='ltr'><strong>ue</strong></span> <span class='ocrx_word' id='word_1_4' title='bbox 406 575 623 648; x_wconf 88' lang='lat' dir='ltr'><strong>tenotomico</strong></span> <span class='ocrx_word' id='word_1_5' title='bbox 655 575 801 674; x_wconf 90' lang='lat' dir='ltr'><strong>quidem</strong></span> <span class='ocrx_word' id='word_1_6' title='bbox 830 571 1119 665; x_wconf 74' lang='lat' dir='ltr'><strong>Diell&#39;enbachii,</strong></span> <span class='ocrx_word' id='word_1_7' title='bbox 1165 573 1315 646; x_wconf 87' lang='lat' dir='ltr'><strong>clarissi-</strong></span> 
     </span>
     <span class='ocr_line' id='line_1_3' title="bbox 217 675 1315 776; baseline -0.004 -27"><span class='ocrx_word' id='word_1_8' title='bbox 217 679 266 750; x_wconf 89' lang='lat' dir='ltr'><strong>mi</strong></span> <span class='ocrx_word' id='word_1_9' title='bbox 293 678 382 768; x_wconf 87' lang='lat' dir='ltr'><strong>viri,</strong></span> <span class='ocrx_word' id='word_1_10' title='bbox 423 675 576 750; x_wconf 83' lang='lat' dir='ltr'><strong>artificio</strong></span> <span class='ocrx_word' id='word_1_11' title='bbox 603 680 695 750; x_wconf 88' lang='lat' dir='ltr'><strong>victa</strong></span> <span class='ocrx_word' id='word_1_12' title='bbox 727 681 910 776; x_wconf 89' lang='lat' dir='ltr'><strong>inceptum</strong></span> <span class='ocrx_word' id='word_1_13' title='bbox 938 703 1051 776; x_wconf 84' lang='lat' dir='ltr'><strong>opus,</strong></span> <span class='ocrx_word' id='word_1_14' title='bbox 1085 675 1185 776; x_wconf 86' lang='lat' dir='ltr'><strong>quod</strong></span> <span class='ocrx_word' id='word_1_15' title='bbox 1211 677 1315 748; x_wconf 89' lang='lat' dir='ltr'><strong>unius</strong></span> 
     </span>
     <span class='ocr_line' id='line_1_4' title="bbox 216 777 1316 879; baseline -0.004 -27"><span class='ocrx_word' id='word_1_16' title='bbox 216 782 303 852; x_wconf 88' lang='lat' dir='ltr'><strong>anni</strong></span> <span class='ocrx_word' id='word_1_17' title='bbox 325 779 443 877; x_wconf 88' lang='lat' dir='ltr'><strong>spatio</strong></span> <span class='ocrx_word' id='word_1_18' title='bbox 469 777 608 851; x_wconf 91' lang='lat' dir='ltr'><strong>absolvi</strong></span> <span class='ocrx_word' id='word_1_19' title='bbox 636 806 741 878; x_wconf 89' lang='lat' dir='ltr'><strong>posse</strong></span> <span class='ocrx_word' id='word_1_20' title='bbox 775 779 863 852; x_wconf 91' lang='lat' dir='ltr'><strong>mihi</strong></span> <span class='ocrx_word' id='word_1_21' title='bbox 891 803 1164 879; x_wconf 80' lang='lat' dir='ltr'><strong>persuaseram,</strong></span> <span class='ocrx_word' id='word_1_22' title='bbox 1205 779 1316 851; x_wconf 91' lang='lat' dir='ltr'><strong>conti·</strong></span> 
     </span>
     <span class='ocr_line' id='line_1_5' title="bbox 216 879 1317 972; baseline -0.004 -18"><span class='ocrx_word' id='word_1_23' title='bbox 216 884 322 954; x_wconf 90' lang='lat' dir='ltr'><strong>nuari</strong></span> <span class='ocrx_word' id='word_1_24' title='bbox 349 882 486 972; x_wconf 88' lang='lat' dir='ltr'><strong>vetuit,</strong></span> <span class='ocrx_word' id='word_1_25' title='bbox 526 879 641 955; x_wconf 91' lang='lat' dir='ltr'><strong>donec</strong></span> <span class='ocrx_word' id='word_1_26' title='bbox 668 881 870 955; x_wconf 77' lang='lat' dir='ltr'><strong>obstinatae</strong></span> <span class='ocrx_word' id='word_1_27' title='bbox 898 882 1045 956; x_wconf 86' lang='lat' dir='ltr'><strong>dextrae</strong></span> <span class='ocrx_word' id='word_1_28' title='bbox 1073 907 1207 955; x_wconf 88' lang='lat' dir='ltr'><strong>munus</strong></span> <span class='ocrx_word' id='word_1_29' title='bbox 1233 881 1317 951; x_wconf 89' lang='lat' dir='ltr'><strong>sini·</strong></span> 
     </span>
     <span class='ocr_line' id='line_1_6' title="bbox 214 983 1317 1080; baseline -0.004 -23"><span class='ocrx_word' id='word_1_30' title='bbox 214 997 288 1057; x_wconf 90' lang='lat' dir='ltr'><strong>stra</strong></span> <span class='ocrx_word' id='word_1_31' title='bbox 326 985 509 1080; x_wconf 82' lang='lat' dir='ltr'><strong>suscipere</strong></span> <span class='ocrx_word' id='word_1_32' title='bbox 554 983 761 1080; x_wconf 81' lang='lat' dir='ltr'><strong>didicisset3</strong></span> <span class='ocrx_word' id='word_1_33' title='bbox 819 997 856 1058; x_wconf 91' lang='lat' dir='ltr'><strong>et</strong></span> <span class='ocrx_word' id='word_1_34' title='bbox 887 985 1090 1058; x_wconf 83' lang='lat' dir='ltr'><strong>Muellerus</strong></span> <span class='ocrx_word' id='word_1_35' title='bbox 1130 986 1317 1056; x_wconf 89' lang='lat' dir='ltr'><strong>immatura</strong></span> 
     </span>
     <span class='ocr_line' id='line_1_7' title="bbox 214 1084 1316 1186; baseline -0.002 -27"><span class='ocrx_word' id='word_1_36' title='bbox 214 1085 330 1170; x_wconf 89' lang='lat' dir='ltr'><strong>morte</strong></span> <span class='ocrx_word' id='word_1_37' title='bbox 350 1089 390 1158; x_wconf 92' lang='lat' dir='ltr'><strong>in</strong></span> <span class='ocrx_word' id='word_1_38' title='bbox 411 1088 489 1182; x_wconf 92' lang='lat' dir='ltr'><strong>ipsa</strong></span> <span class='ocrx_word' id='word_1_39' title='bbox 505 1084 657 1160; x_wconf 83' lang='lat' dir='ltr'><strong>Graecia</strong></span> <span class='ocrx_word' id='word_1_40' title='bbox 676 1085 847 1186; x_wconf 89' lang='lat' dir='ltr'><strong>abreptus</strong></span> <span class='ocrx_word' id='word_1_41' title='bbox 874 1087 998 1160; x_wconf 89' lang='lat' dir='ltr'><strong>orbem</strong></span> <span class='ocrx_word' id='word_1_42' title='bbox 1024 1099 1205 1161; x_wconf 89' lang='lat' dir='ltr'><strong>terrarum</strong></span> <span class='ocrx_word' id='word_1_43' title='bbox 1223 1111 1316 1159; x_wconf 89' lang='lat' dir='ltr'><strong>acer·</strong></span> 
     </span>
     <span class='ocr_line' id='line_1_8' title="bbox 213 1188 1317 1290; baseline -0.003 -29"><span class='ocrx_word' id='word_1_44' title='bbox 213 1189 364 1262; x_wconf 84' lang='lat' dir='ltr'><strong>bissirno</strong></span> <span class='ocrx_word' id='word_1_45' title='bbox 396 1188 497 1259; x_wconf 85' lang='lat' dir='ltr'><strong>luctu</strong></span> <span class='ocrx_word' id='word_1_46' title='bbox 526 1188 703 1286; x_wconf 85' lang='lat' dir='ltr'><strong>implevit.</strong></span> <span class='ocrx_word' id='word_1_47' title='bbox 780 1190 908 1290; x_wconf 87' lang='lat' dir='ltr'><strong>ltaque</strong></span> <span class='ocrx_word' id='word_1_48' title='bbox 935 1189 1035 1261; x_wconf 87' lang='lat' dir='ltr'><strong>aliud</strong></span> <span class='ocrx_word' id='word_1_49' title='bbox 1069 1216 1204 1263; x_wconf 91' lang='lat' dir='ltr'><strong>nomen</strong></span> <span class='ocrx_word' id='word_1_50' title='bbox 1235 1188 1317 1260; x_wconf 92' lang='lat' dir='ltr'><strong>huic</strong></span> 
     </span>
     <span class='ocr_line' id='line_1_9' title="bbox 212 1289 1314 1394; baseline -0.001 -32"><span class='ocrx_word' id='word_1_51' title='bbox 212 1293 389 1365; x_wconf 84' lang='lat' dir='ltr'><strong>volumini</strong></span> <span class='ocrx_word' id='word_1_52' title='bbox 428 1292 725 1388; x_wconf 78' lang='lat' dir='ltr'><strong>circumspiciens</strong></span> <span class='ocrx_word' id='word_1_53' title='bbox 764 1295 869 1394; x_wconf 83' lang='lat' dir='ltr'><strong>(nam</strong></span> <span class='ocrx_word' id='word_1_54' title='bbox 906 1289 1019 1364; x_wconf 92' lang='lat' dir='ltr'><strong>libros</strong></span> <span class='ocrx_word' id='word_1_55' title='bbox 1061 1292 1314 1366; x_wconf 81' lang='lat' dir='ltr'><strong>defunctorum</strong></span> 
     </span>
     <span class='ocr_line' id='line_1_10' title="bbox 214 1392 1317 1495; baseline -0.003 -29"><span class='ocrx_word' id='word_1_56' title='bbox 214 1393 380 1466; x_wconf 89' lang='lat' dir='ltr'><strong>manibus</strong></span> <span class='ocrx_word' id='word_1_57' title='bbox 413 1392 604 1472; x_wconf 87' lang='lat' dir='ltr'><strong>dedicandi</strong></span> <span class='ocrx_word' id='word_1_58' title='bbox 636 1421 773 1468; x_wconf 90' lang='lat' dir='ltr'><strong>morem</strong></span> <span class='ocrx_word' id='word_1_59' title='bbox 804 1421 930 1493; x_wconf 88' lang='lat' dir='ltr'><strong>parum</strong></span> <span class='ocrx_word' id='word_1_60' title='bbox 958 1394 1113 1495; x_wconf 85' lang='lat' dir='ltr'><strong>probo),</strong></span> <span class='ocrx_word' id='word_1_61' title='bbox 1166 1421 1240 1474; x_wconf 84' lang='lat' dir='ltr'><strong>uon</strong></span> <span class='ocrx_word' id='word_1_62' title='bbox 1266 1395 1317 1465; x_wconf 88' lang='lat' dir='ltr'><strong>in·</strong></span> 
     </span>
     <span class='ocr_line' id='line_1_11' title="bbox 211 1495 1314 1597; baseline 0.001 -31"><span class='ocrx_word' id='word_1_63' title='bbox 211 1499 296 1569; x_wconf 85' lang='lat' dir='ltr'><strong>veni</strong></span> <span class='ocrx_word' id='word_1_64' title='bbox 322 1521 530 1595; x_wconf 88' lang='lat' dir='ltr'><strong>quenquam</strong></span> <span class='ocrx_word' id='word_1_65' title='bbox 557 1495 784 1597; x_wconf 83' lang='lat' dir='ltr'><strong>digniorem,</strong></span> <span class='ocrx_word' id='word_1_66' title='bbox 818 1501 878 1570; x_wconf 89' lang='lat' dir='ltr'><strong>cui</strong></span> <span class='ocrx_word' id='word_1_67' title='bbox 902 1495 969 1570; x_wconf 95' lang='lat' dir='ltr'><strong>hac</strong></span> <span class='ocrx_word' id='word_1_68' title='bbox 1001 1499 1232 1595; x_wconf 91' lang='lat' dir='ltr'><strong>potissimum</strong></span> <span class='ocrx_word' id='word_1_69' title='bbox 1261 1521 1314 1568; x_wconf 87' lang='lat' dir='ltr'><strong>ra·</strong></span> 
     </span>
     <span class='ocr_line' id='line_1_12' title="bbox 197 1597 1315 1700; baseline -0.004 -26"><span class='ocrx_word' id='word_1_70' title='bbox 197 1601 310 1674; x_wconf 74' lang='lat' dir='ltr'><strong>tione</strong></span> <span class='ocrx_word' id='word_1_71' title='bbox 336 1601 496 1672; x_wconf 91' lang='lat' dir='ltr'><strong>animum</strong></span> <span class='ocrx_word' id='word_1_72' title='bbox 526 1601 745 1673; x_wconf 85' lang='lat' dir='ltr'><strong>amicumct</strong></span> <span class='ocrx_word' id='word_1_73' title='bbox 777 1612 919 1700; x_wconf 92' lang='lat' dir='ltr'><strong>gratum</strong></span> <span class='ocrx_word' id='word_1_74' title='bbox 953 1599 1166 1698; x_wconf 81' lang='lat' dir='ltr'><strong>profiterer,</strong></span> <span class='ocrx_word' id='word_1_75' title='bbox 1212 1597 1315 1700; x_wconf 86' lang='lat' dir='ltr'><strong>quam</strong></span> 
     </span>
     <span class='ocr_line' id='line_1_13' title="bbox 211 1700 1315 1802; baseline -0.003 -27"><span class='ocrx_word' id='word_1_76' title='bbox 211 1700 292 1794; x_wconf 81' lang='lat' dir='ltr'><strong>Te,</strong></span> <span class='ocrx_word' id='word_1_77' title='bbox 339 1703 395 1772; x_wconf 89' lang='lat' dir='ltr'><strong>mi</strong></span> <span class='ocrx_word' id='word_1_78' title='bbox 433 1700 733 1793; x_wconf 11' lang='lat' dir='ltr'><strong>Ltachmanne,</strong></span> <span class='ocrx_word' id='word_1_79' title='bbox 788 1705 852 1802; x_wconf 89' lang='lat' dir='ltr'><strong>qni</strong></span> <span class='ocrx_word' id='word_1_80' title='bbox 889 1701 933 1774; x_wconf 89' lang='lat' dir='ltr'><strong>de</strong></span> <span class='ocrx_word' id='word_1_81' title='bbox 967 1705 1090 1798; x_wconf 63' lang='lat' dir='ltr'><strong>primo,</strong></span> <span class='ocrx_word' id='word_1_82' title='bbox 1122 1703 1220 1776; x_wconf 90' lang='lat' dir='ltr'><strong>libro</strong></span> <span class='ocrx_word' id='word_1_83' title='bbox 1246 1713 1315 1774; x_wconf 88' lang='lat' dir='ltr'><strong>tam</strong></span> 
     </span>
     <span class='ocr_line' id='line_1_14' title="bbox 209 1800 1316 1900; baseline -0.002 -24"><span class='ocrx_word' id='word_1_84' title='bbox 209 1802 386 1892; x_wconf 86' lang='lat' dir='ltr'><strong>benevole</strong></span> <span class='ocrx_word' id='word_1_85' title='bbox 411 1800 655 1900; x_wconf 84' lang='lat' dir='ltr'><strong>judicaveris,</strong></span> <span class='ocrx_word' id='word_1_86' title='bbox 701 1816 741 1875; x_wconf 91' lang='lat' dir='ltr'><strong>ut</strong></span> <span class='ocrx_word' id='word_1_87' title='bbox 764 1802 833 1876; x_wconf 92' lang='lat' dir='ltr'><strong>hoc</strong></span> <span class='ocrx_word' id='word_1_88' title='bbox 860 1806 1037 1876; x_wconf 81' lang='lat' dir='ltr'><strong>amicitiae</strong></span> <span class='ocrx_word' id='word_1_89' title='bbox 1064 1831 1150 1878; x_wconf 89' lang='lat' dir='ltr'><strong>cum</strong></span> <span class='ocrx_word' id='word_1_90' title='bbox 1179 1830 1316 1878; x_wconf 89' lang='lat' dir='ltr'><strong>summo</strong></span> 
     </span>
     <span class='ocr_line' id='line_1_15' title="bbox 166 1904 1313 2006; baseline -0.002 -28"><span class='ocrx_word' id='word_1_91' title='bbox 166 1969 167 1978; x_wconf 73' lang='grc'>,</span> <span class='ocrx_word' id='word_1_92' title='bbox 211 1904 449 2005; x_wconf 88' lang='lat' dir='ltr'><strong>mco-gaudio</strong></span> <span class='ocrx_word' id='word_1_93' title='bbox 480 1908 576 1978; x_wconf 89' lang='lat' dir='ltr'><strong>inter</strong></span> <span class='ocrx_word' id='word_1_94' title='bbox 607 1917 910 1990; x_wconf 66' lang='lat' dir='ltr'><strong>nos&#39;coutractae</strong></span> <span class='ocrx_word' id='word_1_95' title='bbox 936 1906 1049 1978; x_wconf 81' lang='lat' dir='ltr'><strong>fuerit</strong></span> <span class='ocrx_word' id='word_1_96' title='bbox 1076 1910 1313 2006; x_wconf 89' lang='lat' dir='ltr'><strong>principium,</strong></span> 
     </span>
     <span class='ocr_line' id='line_1_16' title="bbox 212 2006 1316 2110; baseline -0.003 -28"><span class='ocrx_word' id='word_1_97' title='bbox 212 2013 276 2110; x_wconf 90' lang='lat' dir='ltr'><strong>qui</strong></span> <span class='ocrx_word' id='word_1_98' title='bbox 302 2007 567 2080; x_wconf 83' lang='lat' dir='ltr'><strong>Diellenbachii</strong></span> <span class='ocrx_word' id='word_1_99' title='bbox 602 2021 713 2087; x_wconf 86' lang='lat' dir='ltr'><strong>artem</strong></span> <span class='ocrx_word' id='word_1_100' title='bbox 742 2019 934 2107; x_wconf 77' lang='lat' dir='ltr'><strong>expertura</strong></span> <span class='ocrx_word' id='word_1_101' title='bbox 961 2006 1228 2108; x_wconf 86' lang='lat' dir='ltr'><strong>benignissime</strong></span> <span class='ocrx_word' id='word_1_102' title='bbox 1253 2008 1316 2086; x_wconf 89' lang='lat' dir='ltr'><strong>ho·</strong></span> 
     </span>
     <span class='ocr_line' id='line_1_17' title="bbox 209 2107 1317 2212; baseline -0.004 -27"><span class='ocrx_word' id='word_1_103' title='bbox 209 2115 357 2212; x_wconf 90' lang='lat' dir='ltr'><strong>spitium</strong></span> <span class='ocrx_word' id='word_1_104' title='bbox 385 2109 505 2182; x_wconf 84' lang='lat' dir='ltr'><strong>Tuum</strong></span> <span class='ocrx_word' id='word_1_105' title='bbox 540 2107 739 2202; x_wconf 76' lang='lat' dir='ltr'><strong>obtuleris,</strong></span> <span class='ocrx_word' id='word_1_106' title='bbox 785 2113 1025 2208; x_wconf 85' lang='lat' dir='ltr'><strong>semiaegrum</strong></span> <span class='ocrx_word' id='word_1_107' title='bbox 1054 2139 1124 2210; x_wconf 92' lang='lat' dir='ltr'><strong>per</strong></span> <span class='ocrx_word' id='word_1_108' title='bbox 1153 2114 1317 2212; x_wconf 85' lang='lat' dir='ltr'><strong>quinque</strong></span> 
     </span>
     <span class='ocr_line' id='line_1_18' title="bbox 208 2211 1316 2311; baseline -0.004 -24"><span class='ocrx_word' id='word_1_109' title='bbox 208 2211 453 2287; x_wconf 88' lang='lat' dir='ltr'><strong>hebdomades</strong></span> <span class='ocrx_word' id='word_1_110' title='bbox 477 2211 678 2311; x_wconf 74' lang='lat' dir='ltr'><strong>prostans</strong></span> <span class='ocrx_word' id='word_1_111' title='bbox 705 2239 878 2310; x_wconf 91' lang='lat' dir='ltr'><strong>germano</strong></span> <span class='ocrx_word' id='word_1_112' title='bbox 902 2213 1057 2304; x_wconf 77' lang='lat' dir='ltr'><strong>foveris,</strong></span> <span class='ocrx_word' id='word_1_113' title='bbox 1104 2214 1316 2288; x_wconf 85' lang='lat' dir='ltr'><strong>subtristem</strong></span> 
     </span>
     <span class='ocr_line' id='line_1_19' title="bbox 208 2313 1316 2416; baseline -0.002 -28"><span class='ocrx_word' id='word_1_114' title='bbox 208 2317 422 2388; x_wconf 88' lang='lat' dir='ltr'><strong>suavissima</strong></span> <span class='ocrx_word' id='word_1_115' title='bbox 466 2313 759 2388; x_wconf 76' lang='lat' dir='ltr'><strong>confabulatione</strong></span> <span class='ocrx_word' id='word_1_116' title='bbox 807 2314 1090 2407; x_wconf 83' lang='lat' dir='ltr'><strong>exhilaraveris,</strong></span> <span class='ocrx_word' id='word_1_117' title='bbox 1152 2317 1316 2416; x_wconf 89' lang='lat' dir='ltr'><strong>peregri-</strong></span> 
     </span>
     <span class='ocr_line' id='line_1_20' title="bbox 208 2417 1324 2515; baseline -0.003 -24"><span class='ocrx_word' id='word_1_118' title='bbox 208 2446 296 2491; x_wconf 92' lang='lat' dir='ltr'><strong>num</strong></span> <span class='ocrx_word' id='word_1_119' title='bbox 322 2421 362 2489; x_wconf 90' lang='lat' dir='ltr'><strong>in</strong></span> <span class='ocrx_word' id='word_1_120' title='bbox 387 2417 775 2515; x_wconf 88' lang='lat' dir='ltr'><strong>praestantissimorum</strong></span> <span class='ocrx_word' id='word_1_121' title='bbox 800 2417 988 2490; x_wconf 90' lang='lat' dir='ltr'><strong>hominum</strong></span> <span class='ocrx_word' id='word_1_122' title='bbox 1009 2419 1324 2492; x_wconf 89' lang='lat' dir='ltr'><strong>consuetudinem</strong></span> 
     </span>
     <span class='ocr_line' id='line_1_21' title="bbox 133 2518 1318 2619; baseline -0.003 -25"><span class='ocrx_word' id='word_1_123' title='bbox 133 2579 135 2582; x_wconf 77' lang='lat'><em>.</em></span> <span class='ocrx_word' id='word_1_124' title='bbox 208 2531 246 2594; x_wconf 92' lang='lat' dir='ltr'><strong>et</strong></span> <span class='ocrx_word' id='word_1_125' title='bbox 272 2519 551 2592; x_wconf 74' lang='lat' dir='ltr'><strong>familiaritatem</strong></span> <span class='ocrx_word' id='word_1_126' title='bbox 586 2518 805 2611; x_wconf 84' lang='lat' dir='ltr'><strong>adduxeris,</strong></span> <span class='ocrx_word' id='word_1_127' title='bbox 848 2519 1008 2619; x_wconf 81' lang='lat' dir='ltr'><strong>denique</strong></span> <span class='ocrx_word' id='word_1_128' title='bbox 1038 2520 1186 2594; x_wconf 87' lang='lat' dir='ltr'><strong>Tuum</strong></span> <span class='ocrx_word' id='word_1_129' title='bbox 1215 2521 1318 2594; x_wconf 89' lang='lat' dir='ltr'><strong>illum</strong></span> 
     </span>
     <span class='ocr_line' id='line_1_22' title="bbox 208 2619 1316 2724; baseline 0 -28"><span class='ocrx_word' id='word_1_130' title='bbox 208 2622 298 2696; x_wconf 89' lang='lat' dir='ltr'><strong>mihi</strong></span> <span class='ocrx_word' id='word_1_131' title='bbox 324 2621 467 2694; x_wconf 86' lang='lat' dir='ltr'><strong>abunde</strong></span> <span class='ocrx_word' id='word_1_132' title='bbox 499 2619 708 2693; x_wconf 86' lang='lat' dir='ltr'><strong>exhibueris</strong></span> <span class='ocrx_word' id='word_1_133' title='bbox 734 2622 948 2714; x_wconf 88' lang='lat' dir='ltr'><strong>candorem,</strong></span> <span class='ocrx_word' id='word_1_134' title='bbox 990 2648 1102 2721; x_wconf 84' lang='lat' dir='ltr'><strong>quem</strong></span> <span class='ocrx_word' id='word_1_135' title='bbox 1127 2626 1155 2696; x_wconf 93' lang='lat' dir='ltr'><strong>ii</strong></span> <span class='ocrx_word' id='word_1_136' title='bbox 1176 2623 1316 2724; x_wconf 68' lang='lat' dir='ltr'><strong>rquibus</strong></span> 
     </span>
     <span class='ocr_line' id='line_1_23' title="bbox 207 2722 1315 2825; baseline 0.001 -27"><span class='ocrx_word' id='word_1_137' title='bbox 207 2727 358 2825; x_wconf 88' lang='lat' dir='ltr'><strong>propius</strong></span> <span class='ocrx_word' id='word_1_138' title='bbox 386 2722 440 2797; x_wconf 84' lang='lat' dir='ltr'><strong>Te</strong></span> <span class='ocrx_word' id='word_1_139' title='bbox 470 2749 689 2822; x_wconf 86' lang='lat' dir='ltr'><strong>cognoscere</strong></span> <span class='ocrx_word' id='word_1_140' title='bbox 726 2726 881 2824; x_wconf 84' lang='lat' dir='ltr'><strong>contigit</strong></span> <span class='ocrx_word' id='word_1_141' title='bbox 910 2751 985 2797; x_wconf 88' lang='lat' dir='ltr'><strong>nou</strong></span> <span class='ocrx_word' id='word_1_142' title='bbox 1019 2726 1143 2798; x_wconf 90' lang='lat' dir='ltr'><strong>minus</strong></span> <span class='ocrx_word' id='word_1_143' title='bbox 1177 2737 1315 2817; x_wconf 86' lang='lat' dir='ltr'><strong>amant,</strong></span> 
     </span>
     <span class='ocr_line' id='line_1_24' title="bbox 207 2825 1316 2929; baseline 0.002 -29"><span class='ocrx_word' id='word_1_144' title='bbox 207 2855 314 2929; x_wconf 87' lang='lat' dir='ltr'><strong>quam</strong></span> <span class='ocrx_word' id='word_1_145' title='bbox 350 2826 549 2898; x_wconf 88' lang='lat' dir='ltr'><strong>doctrinam</strong></span> <span class='ocrx_word' id='word_1_146' title='bbox 580 2825 696 2897; x_wconf 84' lang='lat' dir='ltr'><strong>Tuam</strong></span> <span class='ocrx_word' id='word_1_147' title='bbox 729 2825 984 2925; x_wconf 87' lang='lat' dir='ltr'><strong>multiplicem·</strong></span> <span class='ocrx_word' id='word_1_148' title='bbox 1006 2838 1041 2899; x_wconf 87' lang='lat' dir='ltr'><strong>et</strong></span> <span class='ocrx_word' id='word_1_149' title='bbox 1076 2831 1316 2929; x_wconf 84' lang='lat' dir='ltr'><strong>sagacitatem</strong></span> 
     </span>
     <span class='ocr_line' id='line_1_25' title="bbox 206 2931 595 3003; baseline -0.005 0"><span class='ocrx_word' id='word_1_150' title='bbox 206 2931 432 3003; x_wconf 90' lang='lat' dir='ltr'><strong>admirantur</strong></span> <span class='ocrx_word' id='word_1_151' title='bbox 459 2954 595 3002; x_wconf 84' lang='lat' dir='ltr'><strong>omnes.</strong></span> 
     </span>
    </p>

    <p class='ocr_par' dir='ltr' id='par_1_3' title="bbox 198 3030 1348 4358">
     <span class='ocr_line' id='line_1_26' title="bbox 309 3030 1316 3133; baseline 0.005 -29"><span class='ocrx_word' id='word_1_152' title='bbox 309 3030 387 3104; x_wconf 84' lang='lat' dir='ltr'><strong>Nec</strong></span> <span class='ocrx_word' id='word_1_153' title='bbox 414 3044 613 3129; x_wconf 86' lang='lat' dir='ltr'><strong>temperare</strong></span> <span class='ocrx_word' id='word_1_154' title='bbox 640 3031 731 3102; x_wconf 91' lang='lat' dir='ltr'><strong>mihi</strong></span> <span class='ocrx_word' id='word_1_155' title='bbox 757 3057 904 3130; x_wconf 88' lang='lat' dir='ltr'><strong>possum</strong></span> <span class='ocrx_word' id='word_1_156' title='bbox 932 3035 1021 3133; x_wconf 86' lang='lat' dir='ltr'><strong>quin</strong></span> <span class='ocrx_word' id='word_1_157' title='bbox 1049 3032 1120 3106; x_wconf 91' lang='lat' dir='ltr'><strong>hoc</strong></span> <span class='ocrx_word' id='word_1_158' title='bbox 1147 3033 1233 3108; x_wconf 90' lang='lat' dir='ltr'><strong>loco</strong></span> <span class='ocrx_word' id='word_1_159' title='bbox 1259 3063 1316 3110; x_wconf 92' lang='lat' dir='ltr'><strong>re·</strong></span> 
     </span>
     <span class='ocr_line' id='line_1_27' title="bbox 204 3133 1317 3238; baseline 0.002 -30"><span class='ocrx_word' id='word_1_160' title='bbox 204 3135 388 3233; x_wconf 89' lang='lat' dir='ltr'><strong>liquorum</strong></span> <span class='ocrx_word' id='word_1_161' title='bbox 427 3159 574 3233; x_wconf 86' lang='lat' dir='ltr'><strong>quoque</strong></span> <span class='ocrx_word' id='word_1_162' title='bbox 613 3133 926 3226; x_wconf 78' lang='lat' dir='ltr'><strong>berolinensium,</strong></span> <span class='ocrx_word' id='word_1_163' title='bbox 980 3162 1135 3235; x_wconf 88' lang='lat' dir='ltr'><strong>quornm</strong></span> <span class='ocrx_word' id='word_1_164' title='bbox 1174 3138 1317 3238; x_wconf 81' lang='lat' dir='ltr'><strong>insigni</strong></span> 
     </span>
     <span class='ocr_line' id='line_1_28' title="bbox 205 3235 1318 3336; baseline 0.005 -28"><span class='ocrx_word' id='word_1_165' title='bbox 205 3235 427 3308; x_wconf 82' lang='lat' dir='ltr'><strong>humanitate</strong></span> <span class='ocrx_word' id='word_1_166' title='bbox 453 3262 542 3308; x_wconf 90' lang='lat' dir='ltr'><strong>usus</strong></span> <span class='ocrx_word' id='word_1_167' title='bbox 567 3262 671 3327; x_wconf 89' lang='lat' dir='ltr'><strong>som,</strong></span> <span class='ocrx_word' id='word_1_168' title='bbox 721 3239 928 3310; x_wconf 87' lang='lat' dir='ltr'><strong>memoriam</strong></span> <span class='ocrx_word' id='word_1_169' title='bbox 955 3239 1163 3336; x_wconf 89' lang='lat' dir='ltr'><strong>gratissimo</strong></span> <span class='ocrx_word' id='word_1_170' title='bbox 1188 3243 1318 3314; x_wconf 89' lang='lat' dir='ltr'><strong>animo</strong></span> 
     </span>
     <span class='ocr_line' id='line_1_29' title="bbox 204 3336 1318 3440; baseline 0.004 -28"><span class='ocrx_word' id='word_1_171' title='bbox 204 3339 339 3412; x_wconf 84' lang='lat' dir='ltr'><strong>colam:</strong></span> <span class='ocrx_word' id='word_1_172' title='bbox 397 3336 642 3429; x_wconf 87' lang='lat' dir='ltr'><strong>Bocchhii,</strong></span> <span class='ocrx_word' id='word_1_173' title='bbox 688 3338 888 3412; x_wconf 82' lang='lat' dir='ltr'><strong>Clarissimi</strong></span> <span class='ocrx_word' id='word_1_174' title='bbox 914 3339 1016 3432; x_wconf 91' lang='lat' dir='ltr'><strong>Viri,</strong></span> <span class='ocrx_word' id='word_1_175' title='bbox 1052 3341 1115 3439; x_wconf 88' lang='lat' dir='ltr'><strong>qui</strong></span> <span class='ocrx_word' id='word_1_176' title='bbox 1142 3339 1318 3440; x_wconf 71' lang='lat' dir='ltr'><strong>reliquae</strong></span> 
     </span>
     <span class='ocr_line' id='line_1_30' title="bbox 200 3437 1315 3543; baseline 0.004 -29"><span class='ocrx_word' id='word_1_177' title='bbox 200 3443 363 3514; x_wconf 72' lang='lat' dir='ltr'><strong>‘comitati</strong></span> <span class='ocrx_word' id='word_1_178' title='bbox 389 3440 428 3514; x_wconf 87' lang='lat' dir='ltr'><strong>id</strong></span> <span class='ocrx_word' id='word_1_179' title='bbox 454 3437 605 3539; x_wconf 85' lang='lat' dir='ltr'><strong>adjecit,</strong></span> <span class='ocrx_word' id='word_1_180' title='bbox 641 3454 683 3514; x_wconf 92' lang='lat' dir='ltr'><strong>ut</strong></span> <span class='ocrx_word' id='word_1_181' title='bbox 704 3444 826 3540; x_wconf 90' lang='lat' dir='ltr'><strong>copias</strong></span> <span class='ocrx_word' id='word_1_182' title='bbox 853 3443 893 3514; x_wconf 93' lang='lat' dir='ltr'><strong>in</strong></span> <span class='ocrx_word' id='word_1_183' title='bbox 920 3442 1092 3541; x_wconf 88' lang='lat' dir='ltr'><strong>Corporis</strong></span> <span class='ocrx_word' id='word_1_184' title='bbox 1111 3440 1315 3543; x_wconf 85' lang='lat' dir='ltr'><strong>Inscripti·</strong></span> 
     </span>
     <span class='ocr_line' id='line_1_31' title="bbox 198 3542 1348 3644; baseline 0.003 -28"><span class='ocrx_word' id='word_1_185' title='bbox 198 3568 314 3616; x_wconf 87' lang='lat' dir='ltr'><strong>onum</strong></span> <span class='ocrx_word' id='word_1_186' title='bbox 349 3542 569 3616; x_wconf 89' lang='lat' dir='ltr'><strong>Graecarum</strong></span> <span class='ocrx_word' id='word_1_187' title='bbox 602 3557 708 3616; x_wconf 86' lang='lat' dir='ltr'><strong>usum</strong></span> <span class='ocrx_word' id='word_1_188' title='bbox 737 3554 926 3644; x_wconf 85' lang='lat' dir='ltr'><strong>congestas</strong></span> <span class='ocrx_word' id='word_1_189' title='bbox 957 3544 1045 3617; x_wconf 92' lang='lat' dir='ltr'><strong>mihi</strong></span> <span class='ocrx_word' id='word_1_190' title='bbox 1081 3542 1317 3642; x_wconf 78' lang='lat' dir='ltr'><strong>perlustrari·</strong></span> <span class='ocrx_word' id='word_1_191' title='bbox 1347 3571 1348 3604; x_wconf 80' lang='lat'>1</span> 
     </span>
     <span class='ocr_line' id='line_1_32' title="bbox 203 3644 1318 3745; baseline 0.005 -28"><span class='ocrx_word' id='word_1_192' title='bbox 203 3644 268 3718; x_wconf 90' lang='lat' dir='ltr'><strong>das</strong></span> <span class='ocrx_word' id='word_1_193' title='bbox 304 3656 361 3738; x_wconf 93' lang='lat' dir='ltr'><strong>et,</strong></span> <span class='ocrx_word' id='word_1_194' title='bbox 421 3657 596 3745; x_wconf 82' lang='lat' dir='ltr'><strong>quantum</strong></span> <span class='ocrx_word' id='word_1_195' title='bbox 633 3645 766 3719; x_wconf 86' lang='lat' dir='ltr'><strong>licebat</strong></span> <span class='ocrx_word' id='word_1_196' title='bbox 800 3645 983 3720; x_wconf 89' lang='lat' dir='ltr'><strong>scribendi</strong></span> <span class='ocrx_word' id='word_1_197' title='bbox 1018 3644 1194 3720; x_wconf 79' lang='lat' dir='ltr'><strong>facultate</strong></span> <span class='ocrx_word' id='word_1_198' title='bbox 1235 3659 1318 3722; x_wconf 90' lang='lat' dir='ltr'><strong>tum</strong></span> 
     </span>
     <span class='ocr_line' id='line_1_33' title="bbox 203 3746 1315 3846; baseline 0.005 -28"><span class='ocrx_word' id='word_1_199' title='bbox 203 3746 279 3822; x_wconf 83' lang='lat' dir='ltr'><strong>lere</strong></span> <span class='ocrx_word' id='word_1_200' title='bbox 313 3747 505 3840; x_wconf 89' lang='lat' dir='ltr'><strong>destituto,</strong></span> <span class='ocrx_word' id='word_1_201' title='bbox 548 3748 793 3846; x_wconf 83' lang='lat' dir='ltr'><strong>excerpendas</strong></span> <span class='ocrx_word' id='word_1_202' title='bbox 818 3749 1052 3844; x_wconf 81' lang='lat' dir='ltr'><strong>concederet3</strong></span> <span class='ocrx_word' id='word_1_203' title='bbox 1104 3748 1315 3844; x_wconf 85' lang='lat' dir='ltr'><strong>Franzii,</strong></span> 
     </span>
     <span class='ocr_line' id='line_1_34' title="bbox 202 3850 1318 3956; baseline 0.007 -35"><span class='ocrx_word' id='word_1_204' title='bbox 202 3875 276 3948; x_wconf 88' lang='lat' dir='ltr'><strong>quo</strong></span> <span class='ocrx_word' id='word_1_205' title='bbox 310 3851 403 3924; x_wconf 88' lang='lat' dir='ltr'><strong>nihil</strong></span> <span class='ocrx_word' id='word_1_206' title='bbox 435 3862 489 3924; x_wconf 91' lang='lat' dir='ltr'><strong>est</strong></span> <span class='ocrx_word' id='word_1_207' title='bbox 517 3852 696 3924; x_wconf 87' lang='lat' dir='ltr'><strong>sincerius</strong></span> <span class='ocrx_word' id='word_1_208' title='bbox 728 3864 765 3924; x_wconf 86' lang='lat' dir='ltr'><strong>et</strong></span> <span class='ocrx_word' id='word_1_209' title='bbox 793 3850 1010 3940; x_wconf 88' lang='lat' dir='ltr'><strong>officiosius,</strong></span> <span class='ocrx_word' id='word_1_210' title='bbox 1065 3853 1129 3950; x_wconf 90' lang='lat' dir='ltr'><strong>qui</strong></span> <span class='ocrx_word' id='word_1_211' title='bbox 1160 3851 1318 3956; x_wconf 85' lang='lat' dir='ltr'><strong>reliqua</strong></span> 
     </span>
     <span class='ocr_line' id='line_1_35' title="bbox 201 3951 1318 4053; baseline 0.005 -31"><span class='ocrx_word' id='word_1_212' title='bbox 201 3977 265 4023; x_wconf 90' lang='lat' dir='ltr'><strong>sua</strong></span> <span class='ocrx_word' id='word_1_213' title='bbox 310 3954 349 4024; x_wconf 89' lang='lat' dir='ltr'><strong>in</strong></span> <span class='ocrx_word' id='word_1_214' title='bbox 391 3979 449 4027; x_wconf 91' lang='lat' dir='ltr'><strong>me</strong></span> <span class='ocrx_word' id='word_1_215' title='bbox 488 3951 663 4026; x_wconf 84' lang='lat' dir='ltr'><strong>beneficia</strong></span> <span class='ocrx_word' id='word_1_216' title='bbox 704 3953 959 4051; x_wconf 85' lang='lat' dir='ltr'><strong>inscriptiones</strong></span> <span class='ocrx_word' id='word_1_217' title='bbox 1000 3952 1225 4053; x_wconf 73' lang='lat' dir='ltr'><strong>Cyrenaicae</strong></span> <span class='ocrx_word' id='word_1_218' title='bbox 1275 3959 1318 4030; x_wconf 91' lang='lat' dir='ltr'><strong>in</strong></span> 
     </span>
     <span class='ocr_line' id='line_1_36' title="bbox 201 4053 1318 4156; baseline 0 -30"><span class='ocrx_word' id='word_1_219' title='bbox 201 4073 321 4126; x_wconf 86' lang='lat' dir='ltr'><strong>meum</strong></span> <span class='ocrx_word' id='word_1_220' title='bbox 374 4081 480 4128; x_wconf 89' lang='lat' dir='ltr'><strong>usum</strong></span> <span class='ocrx_word' id='word_1_221' title='bbox 526 4055 743 4128; x_wconf 89' lang='lat' dir='ltr'><strong>nitidissime</strong></span> <span class='ocrx_word' id='word_1_222' title='bbox 795 4053 1033 4129; x_wconf 90' lang='lat' dir='ltr'><strong>describendo</strong></span> <span class='ocrx_word' id='word_1_223' title='bbox 1079 4053 1318 4156; x_wconf 77' lang='lat' dir='ltr'><strong>cumulavit5</strong></span> 
     </span>
     <span class='ocr_line' id='line_1_37' title="bbox 200 4155 1318 4256; baseline 0.006 -28"><span class='ocrx_word' id='word_1_224' title='bbox 200 4155 438 4248; x_wconf 75' lang='lat' dir='ltr'><strong>Meinclrii‚</strong></span> <span class='ocrx_word' id='word_1_225' title='bbox 486 4182 598 4256; x_wconf 88' lang='lat' dir='ltr'><strong>quem·</strong></span> <span class='ocrx_word' id='word_1_226' title='bbox 629 4157 711 4230; x_wconf 87' lang='lat' dir='ltr'><strong>Tuo</strong></span> <span class='ocrx_word' id='word_1_227' title='bbox 743 4183 883 4250; x_wconf 88' lang='lat' dir='ltr'><strong>amore,</strong></span> <span class='ocrx_word' id='word_1_228' title='bbox 937 4157 1001 4256; x_wconf 89' lang='lat' dir='ltr'><strong>qui</strong></span> <span class='ocrx_word' id='word_1_229' title='bbox 1034 4168 1091 4230; x_wconf 88' lang='lat' dir='ltr'><strong>est</strong></span> <span class='ocrx_word' id='word_1_230' title='bbox 1120 4181 1318 4255; x_wconf 88' lang='lat' dir='ltr'><strong>summus,</strong></span> 
     </span>
     <span class='ocr_line' id='line_1_38' title="bbox 200 4257 1320 4358; baseline 0.005 -26"><span class='ocrx_word' id='word_1_231' title='bbox 200 4257 368 4357; x_wconf 85' lang='lat' dir='ltr'><strong>aurplecti</strong></span> <span class='ocrx_word' id='word_1_232' title='bbox 401 4257 535 4332; x_wconf 83' lang='lat' dir='ltr'><strong>didici:</strong></span> <span class='ocrx_word' id='word_1_233' title='bbox 590 4271 790 4333; x_wconf 88' lang='lat' dir='ltr'><strong>ceterorum</strong></span> <span class='ocrx_word' id='word_1_234' title='bbox 829 4271 973 4358; x_wconf 87' lang='lat' dir='ltr'><strong>praeter</strong></span> <span class='ocrx_word' id='word_1_235' title='bbox 1004 4257 1059 4332; x_wconf 76' lang='lat' dir='ltr'><strong>-Te</strong></span> <span class='ocrx_word' id='word_1_236' title='bbox 1093 4270 1129 4332; x_wconf 86' lang='lat' dir='ltr'><strong>ct</strong></span> <span class='ocrx_word' id='word_1_237' title='bbox 1160 4257 1320 4338; x_wconf 80' lang='lat' dir='ltr'><strong>Metue-</strong></span> 
     </span>
    </p>
   </div>
   <div class='ocr_carea' id='block_1_3' title="bbox 0 0 1360 4818">
    <p class='ocr_par' dir='ltr' id='par_1_4' title="bbox 0 0 1360 4818">
     <span class='ocr_line' id='line_1_39' title="bbox 0 0 1360 4818; baseline 0 1"><span class='ocrx_word' id='word_1_238' title='bbox 0 0 1360 4818; x_wconf 95' lang='lat' dir='ltr'><strong> </strong></span> 
     </span>
    </p>
   </div>
  </div>
 </body>
</html>
