2746 4818
645 342 649 372 l

230 417 307 498 372
400 411 431 504 §.
451 411 512 489 ld.
541 413 598 484 De
620 401 805 484 adverbiis
828 405 901 480 loci
920 419 956 479 et
974 403 1167 501 temporis.

231 626 327 718 puris
346 624 523 708 leguntur,
546 613 811 706 praetermissis,
833 611 982 678 voculam
1007 609 1028 692 ἆ
1035 637 1075 696 χι
1095 610 1243 676 addimus
1251 657 1262 693 ,
1284 607 1310 671 de

233 752 296 820 qua
319 721 480 791 dubitatio
500 731 560 788 ,est
587 718 700 808 paullo
723 715 864 804 grauior.
908 713 1096 802 Dionysius
1120 714 1206 778 enim
1230 735 1311 802 grun-

232 829 391 908 maticus,
426 821 484 915 qui
507 847 525 886 e
546 820 672 885 Dorico
703 815 756 902 ἇχι
778 815 907 906 colligit
928 814 983 900 ἧχι
1004 815 1077 880 siue
1101 815 1167 881 iota
1190 813 1312 878 scribon·
1351 857 1352 898 ρ

233 933 312 998 dum
341 952 414 996 esse
437 931 500 1008 ¹⁰),
533 920 618 994 illud
650 941 782 1010 quoquc
812 919 877 984 iota
901 941 1017 982 cerens
1039 918 1187 1001 invenit,
1226 925 1313 980 centn

234 1030 437 1124 Apollonius
458 1026 500 1091 dc
521 1025 597 1089 edu.
621 1022 705 1105 624,
728 1022 789 1105 24,
814 1023 873 1111 qui
896 1019 949 1109 ᾗχι
972 1019 1089 1084 scribit
1103 1022 1166 1100 ¹⁰),
1190 1041 1256 1083 non
1275 1015 1314 1082 ni·

234 1159 300 1204 nus
332 1131 387 1218 ᾆχι
407 1127 611 1220 praetulerit.
666 1123 758 1188 Idem
781 1121 834 1211 ᾗχι
858 1123 952 1188 docet
972 1119 1029 1198 τὴν
1050 1124 1094 1196 εἰς
1114 1120 1213 1186 τόπου
1235 1123 1317 1204 σχέσιν

233 1237 442 1330 siguificare,
472 1253 538 1319 qno
556 1228 651 1314 jure,
676 1249 742 1292 uon
766 1224 1008 1312 intelligimus.
1032 1247 1137 1311 quum
1159 1221 1247 1312 apud
1268 1221 1316 1285 llo·

233 1364 358 1410 merum
389 1337 419 1402 ei
447 1332 582 1398 voculae
612 1326 818 1417 apertissime
849 1326 916 1392 loci
946 1325 987 1389 in
1023 1349 1104 1413 quo
1138 1322 1317 1412 significatio

232 1443 325 1509 insit.
370 1437 440 1504 Nec
468 1434 565 1499 facile
593 1431 634 1496 ad
664 1430 756 1495 illam
789 1427 874 1493 trahi
904 1439 1046 1518 possunt
1066 1425 1184 1492 Dorici
1210 1426 1263 1514 ἇχι
1282 1451 1317 1492 ιι·

233 1545 360 1634 emplu,
385 1562 468 1631 quac
490 1561 508 1601 c
531 1541 628 1625 poita
651 1554 834 1619 anonymo,
859 1531 999 1595 fortasse
1016 1529 1239 1612 Callimacho,
1264 1529 1318 1593 affe-

233 1657 351 1714 cuntur
362 1647 414 1723 ¹⁰).
460 1639 574 1728 ltaque
596 1643 637 1701 eo'
658 1633 857 1699 inclinamus
879 1644 917 1696 ut
928 1630 1149 1719 Apollonium
1167 1653 1234 1695 uon
1250 1639 1319 1696 recte

209 1750 289 1842 ’ᾗχι
308 1771 368 1840 per
388 1763 575 1834 paragogen
597 1737 639 1801 alr
665 1734 687 1822 ᾗ
721 1733 839 1800 ducere
864 1732 1078 1819 judicemus,
1099 1729 1240 1799 'rectius
1261 1731 1321 1796 Ari·

235 1853 399 1922 §turollum
426 1857 458 1910 et
479 1837 682 1929 Dionysium
711 1837 778 1902 iota
808 1834 998 1923 aspernari,
1032 1835 1090 1922 qui
1120 1834 1210 1899 haud
1239 1821 1331 1898 dubio

233 1962 426 2048 potestatem
454 1945 629 2011 locativam
658 1941 693 2005 in
726 1938 957 2003 terminatione
978 1963 1013 2022 χι
1029 1937 1146 2002 inesse
1168 1947 1320 2032 putarunt.

234 2061 285 2128 Ea
311 2077 390 2123 vero
414 2049 537 2116 uocnle
565 2044 621 2128 ἧχι
649 2043 703 2106 vel
732 2039 786 2126 ἇχι
814 2063 880 2104 non
911 2039 1021 2104 minus
1052 2038 1201 2104 solitaria
1222 2052 1255 2104 et
1275 2037 1322 2105 ori·

205 2158 207 2162 ¹
233 2160 323 2252 ginis
346 2156 505 2222 obscurae
529 2158 579 2212 est
600 2168 697 2234 quam
721 2149 781 2206 ἵνα.

298 2259 351 2326 llll
382 2253 521 2319 Rectius
543 2247 582 2314 ad
606 2244 760 2311 adverbia
782 2244 817 2309 in
841 2271 860 2324 ᾳ
883 2242 982 2308 modo
1003 2256 1252 2308 commemorate
1275 2243 1323 2308 elis

235 2362 394 2454 quaedam
422 2351 597 2430 retuleris,
630 2371 714 2437 quae
742 2370 802 2438 pro
833 2345 1027 2434 vulgaribus
1048 2344 1084 2408 iu
1108 2371 1128 2406 α
1151 2358 1323 2436 correptnn

235 2462 432 2533 excuntibus
461 2477 534 2521 esse
562 2452 716 2518 videntur
743 2448 812 2514 vid.
837 2451 869 2530 ᾗ.
894 2449 935 2529 3,
958 2447 1012 2512 11.
1066 2447 1219 2512 Primum
1240 2447 1323 2513 Dori·

235 2593 310 2635 cum
334 2567 414 2647 ἁμᾶ,
436 2557 525 2649 quod
546 2578 606 2645 pro
630 2553 695 2634 ἅμα
716 2549 770 2616 vel
793 2551 871 2630 ὁμοῦ
886 2571 962 2615 esse
978 2558 1131 2638 putatur,
1154 2551 1325 2615 accuratius

235 2672 275 2736 ab
292 2665 483 2734 Herodiano
505 2683 565 2749 pro
589 2659 654 2737 ἁμῆ
675 2677 749 2720 esse
771 2651 912 2734 dicitur,
937 2673 1023 2740 quae
1042 2651 1146 2716 forma
1170 2675 1259 2717 nunc
1273 2673 1326 2716 non

235 2773 360 2861 legitur
382 2765 448 2831 nisi
472 2786 546 2826 curn
566 2767 729 2850 potestate
751 2752 923 2818 indefinite
954 2753 990 2818 iu
1020 2753 1086 2835 ἆμῆ
1104 2777 1147 2835 ,γε
1176 2757 1223 2831 πῆ
1250 2760 1326 2830 (ean

235 2875 310 2940 dem
341 2869 428 2935 enim
459 2865 594 2950 stirpem
617 2858 786 2948 duplicem
808 2853 1083 2944 significationem
1106 2855 1326 2945 assumpsisse,

235 2983 324 3040 recte
347 2971 568 3036 Buttmannus
591 2958 759 3025 intellexit
780 2956 927 3021 Gramm.
951 2955 985 3020 ll
1005 2980 1039 3045 p.
1056 2956 1133 3036 361)
1157 2968 1191 3020 ct
1213 2957 1254 3023 ab
1277 2956 1327 3022 ori·

235 3077 315 3166 gine
342 3073 385 3138 in
417 3091 542 3134 unum
571 3061 738 3150 siguificat
768 3059 855 3126 sicut
884 3058 1010 3140 ἄμυδις,
1046 3057 1166 3124 deiude
1190 3084 1258 3124 uon
1281 3058 1328 3123 mi·

178 3227 182 3234 ,
235 3201 316 3242 norc
340 3175 419 3261 jure
449 3193 547 3261 quum
568 3168 631 3252 hoc
650 3169 742 3228 una.
799 3159 873 3226 Jam
896 3172 1028 3248 apparet
1048 3160 1174 3226 rectius
1195 3162 1264 3228 iotc
1285 3160 1328 3224 ad·

236 3277 357 3360 scribi,
392 3276 433 3338 de
462 3294 527 3361 quo
554 3277 681 3334 veteres
711 3261 915 3354 grammatici
945 3260 1139 3327 dubitabant
1169 3261 1240 3328 vid.
1264 3261 1328 3345 §.3

165 3429 168 3438 .
236 3393 306 3449 not.
329 3378 382 3447 20.
429 3373 530 3465 Apud
558 3368 797 3437 Callimachum
828 3365 911 3429 Lau.
941 3363 1028 3430 Pell.
1051 3363 1095 3428 75
1125 3364 1205 3446 ἅμαι
1234 3365 1329 3431 editur

237 3505 351 3575 purum
379 3488 480 3544 recte.
516 3511 556 3522 —-
599 3468 733 3538 Deinde
765 3471 918 3552 κρυφᾶ,
961 3464 1050 3554 quod
1079 3466 1204 3531 rectius
1234 3465 1328 3547 τρυφᾷ

237 3581 432 3674 scripseris,
454 3577 564 3667 potius
580 3572 740 3640 Doricum
757 3577 809 3634 est
823 3591 884 3657 pro
901 3572 1008 3656 κρυφῇ
1022 3591 1118 3657 quem
1132 3593 1196 3658 pro
1213 3566 1327 3655 κρύψας

244 3748 513 3762 ...Μ-ν·-

276 3883 318 3943 10)
354 3878 463 3934 Scholl.
483 3881 517 3931 Α,
536 3877 572 3930 ll.
593 3897 628 3938 α,
647 3881 708 3932 607.
741 3875 913 3949 Ἀρίσταρχος
929 3874 959 3928 τὰ
978 3867 1025 3945 ἧχι
1039 3876 1120 3946 χωρὶς
1135 3877 1185 3926 τοῦ
1202 3877 1220 3928 ἲ
1237 3871 1327 3946 γράφει.

237 3967 422 4041 παρατίθεται
442 3966 469 4017 δὲ
486 3962 500 4015 ὁ
520 3961 655 4021 Διονύσους
672 3961 734 4022 τοὺς
751 3964 857 4035 Δωριεῖς
876 3966 997 4029 λέγοντας
1014 3953 1075 4028 cip,
1094 3961 1129 4014 cl.
1140 3957 1326 4016 Senonum

241 4087 271 4098 -
307 4053 353 4108 Et.
373 4053 414 4106 M.
432 4053 500 4114 417,
524 4055 545 4105 l.
582 4049 666 4103 ἰστέον
687 4047 729 4104 ὅτι
750 4049 782 4105 τὸ
806 4041 853 4120 ἧχι
876 4049 907 4102 τὸ
934 4046 1068 4116 γινόμενον
1089 4045 1227 4099 ἐπεκτάσει
1250 4049 1327 4114 criel·

238 4141 371 4209 συλλαβῆς
397 4133 430 4197 ὥς
452 4134 482 4190 τὸ
507 4137 567 4203 ναί,
594 4137 680 4202 valle,
707 4135 732 4191 oi
749 4139 856 4210 Δωριιῖς
877 4127 924 4201 elye
949 4136 1050 4201 λέγουσι
1074 4132 1119 4187 διὰ
1137 4138 1187 4186 τοῦ
1206 4139 1243 4185 ri·
1279 4121 1327 4193 dl·

228 4229 330 4292 ’Λίχα
352 4227 435 4292 μέγα
457 4227 563 4287 σᾶμα·
592 4253 625 4262 -—
652 4225 786 4278 τουτέστιν
808 4221 876 4278 ὅπου
900 4225 948 4275 τοῦ
965 4223 1040 4286 Aila
1061 4218 1092 4273 ci
1115 4222 1184 4286 μέγα
1201 4223 1326 4290 μνημεῖον·

237 4316 298 4368 κατ’·
326 4303 381 4380 uixi
399 4309 414 4366 ὁ
431 4309 563 4371 κλεινὸς
577 4309 869 4385 Ἀμφιτρυωυίδης
886 4310 955 4379 (leg.
969 4305 1237 4382 Ἀμφιτρυωνιάδας).
