2716 4818
5 363 8 480 l
246 357 280 450 §.
303 359 364 436 26.
416 361 474 434 De
499 388 534 432 eo
559 371 597 431 et
622 389 664 430 ιω
689 355 899 432 contractis.
1053 355 1130 432 217

5 511 40 628 l'
120 563 153 647 h)
196 561 358 630 Futurum
384 567 447 630 h'oc
473 535 706 631 eonhuetionis
727 563 825 630 modo
849 587 914 630 non
937 563 1044 631 solum
1066 565 1130 633 nti·

56 673 96 728 tur
112 666 193 756 apud
214 668 367 751 eosdem,
390 667 447 758 qui
469 667 504 731 in
520 664 630 733 verbis
653 666 828 733 contractis
849 671 881 731 ei
903 677 1127 752 assueverunt,

56 766 208 835 sedetiam
230 769 327 859 apnd·
340 792 419 853 eos,
452 769 567 860 quiin
589 768 659 834 illis
681 768 820 834 solutam
843 769 979 833 formam
1000 770 1128 857 praele-

53 879 128 952 rnut,
159 873 263 957 solis,
297 881 453 962 quantum
476 871 618 954 seimus,
648 868 890 960 antiquioribus
912 869 1052 961 Delphis
1074 894 1128 936 ex·

5 1043 6 1052 γ
53 971 147 1060 ceptis.
192 973 365 1062 Leguntur
387 973 476 1039 enim
498 972 532 1038 in
551 973 654 1038 Ther.
668 973 754 1039 2448
775 973 975 1056 ε’μβαλσῦμις,
1000 975 1127 1052 ε’ξοῦντι,

53 1071 222 1155 ῦειξοῦνται,
247 1077 490 1161 ε’γγραψοῦνται,
515 1078 804 1162 συναχῦησοῦνται,
826 1075 862 1140 in
885 1075 1022 1164 Corepr.
1045 1075 1128 1142 1843

6 1181 7 1218 ³
52 1174 279 1263 ιἰῦανεισοῦντι,
312 1183 542 1264 γειριξοῦνται;
585 1177 621 1242 in
651 1176 797 1242 Acheru.
828 1176 892 1243 744
922 1176 1127 1259 ἀπολουμένα,

50 1275 99 1342 716
124 1279 349 1364 ἀγορασοῦντες
357 1328 368 1366 ,
396 1281 492 1371 ¹quod
515 1278 709 1345 Dindorflus
731 1301 749 1346 e
770 1278 963 1346 Rauennate
991 1277 1126 1370 reecpit,
1199 1367 1202 1370 Ι

51 1379 108 1446 714.
135 1383 199 1450 745
229 1386 354 1468 καρυξῦ
381 1394 413 1448 ct
444 1381 585 1468 ἀνιαροῖς
630 1380 748 1448 deinde
777 1381 813 1446 in
841 1381 1001 1449 Alcesino
1030 1382 1127 1448 titulo

50 1489 232 1568 αοιησοῦντι,
267 1483 386 1575 Sophr.
413 1485 453 1552 19
482 1488 646 1562 νησοῦντι,
679 1483 800 1572 Epich.
826 1484 888 1551 167
917 1483 1125 1568 θωσοῦμιῦα,

51 1582 179 1652 drehim.
205 1586 246 1652 de
268 1586 345 1652 Hel.
369 1609 403 1676 p.
417 1588 481 1654 219
503 1589 685 1662 ἑσσοῦνται,
710 1587 843 1662 ἑξοῦντι,
867 1585 908 1652 de
925 1585 1021 1654 Plan.
1036 1586 1125 1678 Aeq.

52 1707 75 1772 p·
92 1689 110 1753 7
129 1692 411 1774 ἰσορροπησοῦντι,
444 1689 549 1755 Aren.
570 1713 605 1777 p.
629 1687 693 1756 320
724 1691 934 1772 πειρασοῦμαι
963 1700 1025 1754 ete.
1070 1688 1127 1754 Ab

55 1785 209 1859 Heraclide
232 1792 317 1883 apud
338 1792 489 1858 Eustath.
512 1816 547 1882 p.
564 1791 659 1875 1557,
680 1789 725 1858 49
745 1789 925 1870 utDorica
948 1793 1128 1858 afferuntur

52 1899 230 1973 ποιησοῦντι,
255 1893 473 1977 ὄρθωσοῦντι,
496 1897 692 1978 γελασοῦντι,
714 1896 896 1977 βοασοῦντι.

115 1999 147 2080 e)
182 1995 334 2062 Secunda
356 2019 496 2086 persona
518 1993 692 2082 subjectivi
715 1994 851 2063 eandem
874 1994 1128 2062 contractionem

47 2097 153 2181 patitur
172 2099 292 2188 Epich.
316 2099 378 2166 143
405 2096 561 2184 πορεύου,
597 2099 659 2166 149
688 2101 828 2165 διανοοῦ.
883 2096 990 2164 Valde
1016 2107 1126 2164 tamen

46 2197 166 2266 dubium
186 2215 260 2285 est,
289 2225 329 2268 an
354 2226 392 2269 ea
413 2203 592 2290 fragmenta
613 2225 680 2268 non
702 2203 768 2268 sint
790 2199 944 2290 genuina.
995 2197 1035 2264 In
1057 2223 1126 2264 cer-

45 2297 115 2368 tiore
136 2304 285 2391 ejusdem
308 2306 491 2396 fragmento
511 2306 552 2371 lr.
575 2304 618 2374 29
646 2315 698 2372 est
721 2304 810 2391 ᾤχεο.
846 2343 889 2356 -
932 2301 1126 2390 Conjuncti·

45 2425 95 2468 vus
116 2407 228 2478 coristi
249 2406 373 2500 passivi
395 2407 634 2491 ε’γῦανεισθῦντι
664 2407 768 2473 estin
790 2405 925 2495 (ἕστορι.
953 2405 1057 2489 1845,
1091 2403 1127 2468 in

45 2528 99 2602 quo
121 2507 252 2576 Siculos
275 2509 495 2576 contractione
516 2493 718 2576 abstinentes
738 2509 937 2578 videbimus.

116 2611 151 2694 d)
197 2612 371 2680 Genitivus
393 2611 622 2678 declinationis
652 2612 766 2678 tertiae
788 2612 955 2678 nominum
979 2610 1013 2673 in
1035 2633 1074 2686 ης
1095 2618 1128 2675 et

43 2735 72 2784 ος
96 2714 195 2802 vulgo
222 2716 305 2781 hanc
334 2715 492 2782 rationem
523 2714 674 2805 sequitur
703 2715 737 2779 in
767 2713 917 2782 Theraeo
945 2736 996 2778 nr.
1026 2712 1128 2796 2448,

41 2813 91 2878 ubi
111 2817 235 2900 γε’νους,
267 2819 485 2904 ’Ἠιιρείὸους,
521 2819 751 2900 Πραξιτέλους,
784 2814 1024 2895 Αἰσσσθὲνους,
1053 2819 1126 2878 Βω-

43 2915 229 3000 ῦοιράτους,
245 2921 404 2997 Σωτέλους
426 2925 575 3012 (excepto
597 2945 664 2988 uno
686 2917 871 3007 Ἰσοιιλιῦς).
927 2915 1029 3008 Apud
1050 2915 1127 2983 reli·

40 3041 115 3106 quos
146 3045 280 3104 omncs,
315 3023 372 3113 qui
402 3035 545 3091 ceterum
575 3022 807 3091 contractionis
836 3021 871 3087 in
902 3047 939 3086 ου
966 3019 1127 3110 patientes

40 3133 123 3201 sunt,
145 3124 283 3212 genitivi
306 3124 340 3190 in
365 3150 419 3200 ους
440 3126 660 3214 suspectiores
682 3139 779 3208 sunt,
803 3149 844 3192 ne
865 3126 920 3191 vel
941 3123 1052 3189 infima
1074 3145 1127 3188 ae·

38 3231 97 3290 late
118 3249 135 3292 e
156 3226 284 3314 vulgari
311 3227 424 3317 lingua
451 3228 646 3320 irrepserint
673 3231 727 3296 vel
750 3226 1006 3294 describentium
1030 3224 1127 3312 culpa

38 3329 174 3417 corrupti
204 3329 282 3395 sint.
328 3329 424 3396 Talia
453 3331 610 3420 leguntur
635 3331 671 3394 in
699 3330 887 3398 recentibus
908 3327 1015 3396 titulis
1036 3326 1126 3392 Ana·

36 3430 143 3514 phaeis
172 3456 223 3496 nr.
254 3432 340 3500 2489
374 3436 607 3518 Τελεῦιγένους,
645 3458 696 3498 ιιι.
722 3435 764 3500 12
791 3433 890 3508 Ross.
921 3432 1127 3517 Κρινοτέλσυς

36 3529 214 3620 (praeterea
236 3538 299 3612 ευς)
331 3535 366 3600 in
397 3536 653 3628 corruptissimis
676 3535 816 3603 Locrico
847 3559 898 3600 nr.
922 3533 1004 3600 1751
1032 3532 1127 3616 Ἀρι-

37 3640 190 3718 στσγε’νους
211 3650 244 3703 et
265 3635 385 3728 Delph.
411 3639 514 3721 1703,
548 3663 648 3730 quum
679 3639 713 3703 in
742 3635 849 3702 titulis
880 3637 954 3724 ejus
976 3631 1125 3724 regionis

34 3735 76 3802 sit
97 3764 163 3821 εος,
196 3763 256 3806 nec
276 3741 387 3806 minus
407 3741 492 3831 apud
515 3765 628 3806 omues
650 3741 797 3830 reliquos
818 3741 979 3830 populos,
1011 3736 1124 3828 quiin

33 3840 141 3908 verbis
169 3869 206 3908 ου
234 3841 465 3932 probaverunt.
500 3883 541 3894 -·-
585 3845 624 3908 ln
646 3841 749 3908 Ther.
782 3843 867 3911 2448
894 3841 1126 3908 convenienter
1264 3875 1266 3882 ¹

34 3941 126 4008 ctiam
148 3944 312 4035 genitivus
334 3946 472 4035 pluralis
495 3949 645 4028 συγγενῦν
666 3957 852 4011 contractus
874 3957 934 4011 cst.

116 4049 147 4126 e)
190 4047 337 4114 Genitivi
372 4047 603 4137 pronominum
646 4047 691 4112 ita
723 4048 882 4114 contracti
916 4071 983 4113 non
1019 4050 1126 4114 solum

34 4171 93 4223 μου
116 4148 150 4216 in
171 4150 322 4218 Theraeo
342 4150 446 4234 2448,
477 4151 535 4216 sed
557 4150 654 4216 etiam
676 4152 786 4233 ἐμοῦς,
815 4155 919 4226 τιοῦς,
948 4155 1019 4217 τεοῦ
1039 4148 1126 4239 apud
1172 4151 1175 4158 ’

35 4255 142 4335 poetas
156 4253 287 4322 Siculos
303 4264 399 4336 suut,
423 4251 489 4320 vid.
505 4253 538 4338 ᾗ.
552 4253 606 4338 32,
618 4255 650 4321 2.
674 4293 716 4305 -
736 4251 931 4344 ¹Composita
945 4276 1018 4321 cum
1034 4250 1124 4335 θεός,
