<?xml version="1.0" encoding="UTF-8"?>
<!DOCTYPE html PUBLIC "-//W3C//DTD XHTML 1.0 Transitional//EN"
    "http://www.w3.org/TR/xhtml1/DTD/xhtml1-transitional.dtd">
<html xmlns="http://www.w3.org/1999/xhtml" xml:lang="en" lang="en">
 <head>
  <title>
</title>
<meta http-equiv="Content-Type" content="text/html;charset=utf-8" />
  <meta name='ocr-system' content='tesseract 3.04.00' />
  <meta name='ocr-capabilities' content='ocr_page ocr_carea ocr_par ocr_line ocrx_word'/>
</head>
<body>
  <div class='ocr_page' id='page_1' title='image "./degraccaelingua02ahregoog_0364.png"; bbox 0 0 2746 4818; ppageno 0'>
   <div class='ocr_carea' id='block_1_1' title="bbox 232 391 1076 492">
    <p class='ocr_par' dir='ltr' id='par_1_1' title="bbox 232 391 1369 520">
     <span class='ocr_line' id='line_1_1' title="bbox 232 391 1076 492; baseline -0.007 -16"><span class='ocrx_word' id='word_1_1' title='bbox 232 401 308 480; x_wconf 86' lang='grc'><strong>354</strong></span> <span class='ocrx_word' id='word_1_2' title='bbox 493 396 527 488; x_wconf 66' lang='grc'><strong>0.</strong></span> <span class='ocrx_word' id='word_1_3' title='bbox 548 397 609 472; x_wconf 81' lang='grc'><strong>43.</strong></span> <span class='ocrx_word' id='word_1_4' title='bbox 653 397 711 468; x_wconf 82' lang='lat' dir='ltr'><strong>De</strong></span> <span class='ocrx_word' id='word_1_5' title='bbox 736 391 1076 492; x_wconf 82' lang='lat' dir='ltr'><strong>praepositionibus.</strong></span> 
     </span>
    </p>
   </div>
   <div class='ocr_carea' id='block_1_2' title="bbox 211 600 1369 4054">
    <p class='ocr_par' dir='ltr' id='par_1_2' title="bbox 211 600 1369 4054">
     <span class='ocr_line' id='line_1_2' title="bbox 235 600 1369 692; baseline -0.005 -22"><span class='ocrx_word' id='word_1_6' title='bbox 235 617 394 684; x_wconf 72' lang='lat' dir='ltr'><strong>eti-emus,</strong></span> <span class='ocrx_word' id='word_1_7' title='bbox 424 601 483 692; x_wconf 85' lang='lat' dir='ltr'><strong>qui</strong></span> <span class='ocrx_word' id='word_1_8' title='bbox 505 625 571 690; x_wconf 86' lang='lat' dir='ltr'><strong>quo</strong></span> <span class='ocrx_word' id='word_1_9' title='bbox 593 600 795 692; x_wconf 68' lang='lat' dir='ltr'><strong>antiquiores</strong></span> <span class='ocrx_word' id='word_1_10' title='bbox 819 610 915 676; x_wconf 80' lang='lat' dir='ltr'><strong>sunt,</strong></span> <span class='ocrx_word' id='word_1_11' title='bbox 946 623 986 664; x_wconf 92' lang='lat' dir='ltr'><strong>co</strong></span> <span class='ocrx_word' id='word_1_12' title='bbox 1008 602 1048 665; x_wconf 88' lang='lat' dir='ltr'><strong>ad</strong></span> <span class='ocrx_word' id='word_1_13' title='bbox 1071 623 1239 692; x_wconf 79' lang='lat' dir='ltr'><strong>apocopen</strong></span> <span class='ocrx_word' id='word_1_14' title='bbox 1260 623 1322 690; x_wconf 78' lang='lat' dir='ltr'><strong>pro·</strong></span> <span class='ocrx_word' id='word_1_15' title='bbox 1368 641 1369 654; x_wconf 41' lang='grc' dir='ltr'>ι</span> 
     </span>
     <span class='ocr_line' id='line_1_3' title="bbox 220 701 1324 794; baseline -0.005 -23"><span class='ocrx_word' id='word_1_16' title='bbox 220 704 405 794; x_wconf 70' lang='lat' dir='ltr'><strong>¹pensiones</strong></span> <span class='ocrx_word' id='word_1_17' title='bbox 420 704 645 770; x_wconf 62' lang='lat' dir='ltr'><strong>‚ossecolent</strong></span> <span class='ocrx_word' id='word_1_18' title='bbox 668 741 710 756; x_wconf 88' lang='lat'><strong>--</strong></span> <span class='ocrx_word' id='word_1_19' title='bbox 752 703 794 768; x_wconf 90' lang='lat' dir='ltr'><strong>ln</strong></span> <span class='ocrx_word' id='word_1_20' title='bbox 816 701 941 768; x_wconf 76' lang='lat' dir='ltr'><strong>tabulis</strong></span> <span class='ocrx_word' id='word_1_21' title='bbox 962 701 1241 772; x_wconf 79' lang='lat' dir='ltr'><strong>Heracleensihus</strong></span> <span class='ocrx_word' id='word_1_22' title='bbox 1262 703 1324 768; x_wconf 88' lang='lat' dir='ltr'><strong>ubi·</strong></span> 
     </span>
     <span class='ocr_line' id='line_1_4' title="bbox 234 803 1369 914; baseline -0.003 -43"><span class='ocrx_word' id='word_1_23' title='bbox 234 831 299 897; x_wconf 87' lang='lat' dir='ltr'><strong>que</strong></span> <span class='ocrx_word' id='word_1_24' title='bbox 321 829 466 896; x_wconf 78' lang='lat' dir='ltr'><strong>apocope</strong></span> <span class='ocrx_word' id='word_1_25' title='bbox 490 805 675 874; x_wconf 82' lang='lat' dir='ltr'><strong>afficiuntur</strong></span> <span class='ocrx_word' id='word_1_26' title='bbox 703 803 792 890; x_wconf 81' lang='grc' dir='ltr'><strong><em>παρά</em></strong></span> <span class='ocrx_word' id='word_1_27' title='bbox 822 803 957 870; x_wconf 79' lang='lat' dir='ltr'><strong>et&#39;o’woi:</strong></span> <span class='ocrx_word' id='word_1_28' title='bbox 989 805 1040 888; x_wconf 89' lang='lat' dir='ltr'><strong>B,</strong></span> <span class='ocrx_word' id='word_1_29' title='bbox 1066 807 1118 872; x_wconf 85' lang='lat'><strong>15.</strong></span> <span class='ocrx_word' id='word_1_30' title='bbox 1139 807 1194 873; x_wconf 88' lang='grc'><strong>25.</strong></span> <span class='ocrx_word' id='word_1_31' title='bbox 1218 809 1270 875; x_wconf 90' lang='grc'><strong>42.</strong></span> <span class='ocrx_word' id='word_1_32' title='bbox 1291 805 1324 868; x_wconf 87' lang='grc'><strong>44</strong></span> <span class='ocrx_word' id='word_1_33' title='bbox 1368 833 1369 914; x_wconf 59' lang='lat' dir='ltr'><strong>p</strong></span> 
     </span>
     <span class='ocr_line' id='line_1_5' title="bbox 233 906 1369 996; baseline -0.002 -24"><span class='ocrx_word' id='word_1_34' title='bbox 233 919 267 972; x_wconf 87' lang='lat' dir='ltr'><strong>et</strong></span> <span class='ocrx_word' id='word_1_35' title='bbox 295 931 394 996; x_wconf 85' lang='lat' dir='ltr'><strong>saepe</strong></span> <span class='ocrx_word' id='word_1_36' title='bbox 421 906 485 991; x_wconf 73' lang='grc' dir='ltr'><strong>πὰρ</strong></span> <span class='ocrx_word' id='word_1_37' title='bbox 514 907 571 972; x_wconf 82' lang='grc' dir='ltr'><strong><em>τάν</em></strong></span> <span class='ocrx_word' id='word_1_38' title='bbox 592 908 647 974; x_wconf 86' lang='lat' dir='ltr'><strong>vel</strong></span> <span class='ocrx_word' id='word_1_39' title='bbox 668 906 735 991; x_wconf 75' lang='grc' dir='ltr'><strong>πνὶρ</strong></span> <span class='ocrx_word' id='word_1_40' title='bbox 756 906 816 982; x_wconf 82' lang='grc' dir='ltr'><strong><em>τά,</em></strong></span> <span class='ocrx_word' id='word_1_41' title='bbox 850 906 932 990; x_wconf 90' lang='grc' dir='ltr'><strong>Ι,6</strong></span> <span class='ocrx_word' id='word_1_42' title='bbox 961 907 1027 990; x_wconf 70' lang='grc' dir='ltr'><strong>πὰρ</strong></span> <span class='ocrx_word' id='word_1_43' title='bbox 1052 911 1237 977; x_wconf 77' lang='grc' dir='ltr'><strong><em>Πανδοσίαν</em></strong></span> <span class='ocrx_word' id='word_1_44' title='bbox 1257 918 1323 980; x_wconf 76' lang='lat' dir='ltr'><strong>eto,</strong></span> <span class='ocrx_word' id='word_1_45' title='bbox 1368 949 1369 982; x_wconf 39' lang='lat' dir='ltr'><strong>t</strong></span> 
     </span>
     <span class='ocr_line' id='line_1_6' title="bbox 233 1008 1325 1108; baseline -0.005 -33"><span class='ocrx_word' id='word_1_46' title='bbox 233 1011 270 1086; x_wconf 90' lang='lat' dir='ltr'><strong>l,</strong></span> <span class='ocrx_word' id='word_1_47' title='bbox 294 1010 336 1074; x_wconf 84' lang='lat'><strong>58</strong></span> <span class='ocrx_word' id='word_1_48' title='bbox 357 1012 536 1090; x_wconf 76' lang='lat' dir='ltr'><strong>napdaivca,</strong></span> <span class='ocrx_word' id='word_1_49' title='bbox 560 1009 596 1091; x_wconf 89' lang='lat' dir='ltr'><strong>l,</strong></span> <span class='ocrx_word' id='word_1_50' title='bbox 623 1008 664 1074; x_wconf 84' lang='lat'><strong>59</strong></span> <span class='ocrx_word' id='word_1_51' title='bbox 685 1008 918 1096; x_wconf 80' lang='grc' dir='ltr'><strong><em>παρ’λαβόντες,</em></strong></span> <span class='ocrx_word' id='word_1_52' title='bbox 943 1009 1048 1108; x_wconf 36' lang='grc'><strong>1,,54</strong></span> <span class='ocrx_word' id='word_1_53' title='bbox 1068 1011 1325 1098; x_wconf 68' lang='grc' dir='ltr'><strong><em>νταρμιτρησόντι,</em></strong></span> 
     </span>
     <span class='ocr_line' id='line_1_7' title="bbox 236 1109 1326 1193; baseline -0.001 -19"><span class='ocrx_word' id='word_1_54' title='bbox 236 1113 273 1174; x_wconf 80' lang='grc' dir='ltr'><strong>ἄν</strong></span> <span class='ocrx_word' id='word_1_55' title='bbox 295 1110 352 1176; x_wconf 79' lang='grc' dir='ltr'><strong><em>τάν</em></strong></span> <span class='ocrx_word' id='word_1_56' title='bbox 373 1111 409 1193; x_wconf 88' lang='grc' dir='ltr'><strong>Ι,</strong></span> <span class='ocrx_word' id='word_1_57' title='bbox 432 1111 515 1192; x_wconf 89' lang='grc'><strong>100,</strong></span> <span class='ocrx_word' id='word_1_58' title='bbox 539 1109 577 1172; x_wconf 67' lang='grc' dir='ltr'><strong>ἂν</strong></span> <span class='ocrx_word' id='word_1_59' title='bbox 598 1109 660 1183; x_wconf 76' lang='grc' dir='ltr'><strong><em>τώς</em></strong></span> <span class='ocrx_word' id='word_1_60' title='bbox 680 1110 735 1192; x_wconf 89' lang='lat' dir='ltr'><strong>Il,</strong></span> <span class='ocrx_word' id='word_1_61' title='bbox 758 1111 812 1177; x_wconf 79' lang='lat'><strong>32.</strong></span> <span class='ocrx_word' id='word_1_62' title='bbox 829 1111 891 1189; x_wconf 83' lang='lat'><strong>38,</strong></span> <span class='ocrx_word' id='word_1_63' title='bbox 917 1109 1142 1192; x_wconf 73' lang='grc' dir='ltr'><strong><em>ν’ννκοθαριόντν</em></strong></span> <span class='ocrx_word' id='word_1_64' title='bbox 1164 1112 1188 1177; x_wconf 88' lang='lat' dir='ltr'><strong>i.</strong></span> <span class='ocrx_word' id='word_1_65' title='bbox 1208 1137 1237 1177; x_wconf 85' lang='lat' dir='ltr'><strong>e.</strong></span> <span class='ocrx_word' id='word_1_66' title='bbox 1263 1110 1326 1175; x_wconf 81' lang='grc' dir='ltr'><strong><em>ἅνα-</em></strong></span> 
     </span>
     <span class='ocr_line' id='line_1_8' title="bbox 234 1205 1325 1297; baseline -0.003 -21"><span class='ocrx_word' id='word_1_67' title='bbox 234 1205 418 1293; x_wconf 78' lang='grc' dir='ltr'><strong><em>καθαρ6ῧπν</em></strong></span> <span class='ocrx_word' id='word_1_68' title='bbox 439 1212 475 1294; x_wconf 89' lang='grc'><strong>1,</strong></span> <span class='ocrx_word' id='word_1_69' title='bbox 498 1212 562 1294; x_wconf 90' lang='grc'><strong>84,</strong></span> <span class='ocrx_word' id='word_1_70' title='bbox 584 1209 762 1295; x_wconf 65' lang='grc' dir='ltr'><strong>ἀναγράφειν,</strong></span> <span class='ocrx_word' id='word_1_71' title='bbox 787 1210 969 1296; x_wconf 76' lang='grc' dir='ltr'><strong><em>ᾰνγράψαν,</em></strong></span> <span class='ocrx_word' id='word_1_72' title='bbox 996 1211 1208 1297; x_wconf 71' lang='grc' dir='ltr'><strong><em>ἇννραψάντω</em></strong></span> <span class='ocrx_word' id='word_1_73' title='bbox 1228 1215 1257 1297; x_wconf 87' lang='lat' dir='ltr'><strong>l,</strong></span> <span class='ocrx_word' id='word_1_74' title='bbox 1280 1213 1325 1278; x_wconf 83' lang='lat'><strong>78.</strong></span> 
     </span>
     <span class='ocr_line' id='line_1_9' title="bbox 234 1312 1328 1398; baseline -0.005 -18"><span class='ocrx_word' id='word_1_75' title='bbox 234 1313 293 1392; x_wconf 84' lang='grc'><strong>79,</strong></span> <span class='ocrx_word' id='word_1_76' title='bbox 319 1313 541 1398; x_wconf 82' lang='grc' dir='ltr'><strong><em>ἀνχωρῖξαντες</em></strong></span> <span class='ocrx_word' id='word_1_77' title='bbox 562 1312 600 1392; x_wconf 92' lang='grc' dir='ltr'><strong>Ι,</strong></span> <span class='ocrx_word' id='word_1_78' title='bbox 615 1313 652 1380; x_wconf 89' lang='grc'><strong>8.·</strong></span> <span class='ocrx_word' id='word_1_79' title='bbox 665 1315 703 1380; x_wconf 91' lang='grc'><strong>11</strong></span> <span class='ocrx_word' id='word_1_80' title='bbox 721 1317 769 1398; x_wconf 88' lang='lat'><strong>¹),</strong></span> <span class='ocrx_word' id='word_1_81' title='bbox 796 1313 996 1396; x_wconf 82' lang='grc' dir='ltr'><strong><em>ἇμμνσθωθῆ</em></strong></span> <span class='ocrx_word' id='word_1_82' title='bbox 1018 1315 1053 1398; x_wconf 91' lang='grc' dir='ltr'><strong>Ι,</strong></span> <span class='ocrx_word' id='word_1_83' title='bbox 1076 1315 1138 1398; x_wconf 78' lang='grc'><strong>63,</strong></span> <span class='ocrx_word' id='word_1_84' title='bbox 1164 1315 1328 1398; x_wconf 80' lang='grc' dir='ltr'><strong><em>ἆμπώλημα</em></strong></span> 
     </span>
     <span class='ocr_line' id='line_1_10' title="bbox 235 1412 1326 1508; baseline -0.004 -28"><span class='ocrx_word' id='word_1_85' title='bbox 235 1417 269 1492; x_wconf 92' lang='lat' dir='ltr'><strong>l,</strong></span> <span class='ocrx_word' id='word_1_86' title='bbox 292 1415 356 1498; x_wconf 86' lang='grc'><strong>62,</strong></span> <span class='ocrx_word' id='word_1_87' title='bbox 382 1413 455 1479; x_wconf 93' lang='grc'><strong>107.</strong></span> <span class='ocrx_word' id='word_1_88' title='bbox 509 1414 776 1504; x_wconf 83' lang='lat' dir='ltr'><strong>Praepositiones</strong></span> <span class='ocrx_word' id='word_1_89' title='bbox 808 1415 889 1480; x_wconf 87' lang='grc' dir='ltr'><strong><em>κατά</em></strong></span> <span class='ocrx_word' id='word_1_90' title='bbox 920 1425 953 1480; x_wconf 88' lang='lat' dir='ltr'><strong>et</strong></span> <span class='ocrx_word' id='word_1_91' title='bbox 979 1417 1056 1482; x_wconf 79' lang='grc' dir='ltr'><strong><em>πατί.</em></strong></span> <span class='ocrx_word' id='word_1_92' title='bbox 1079 1439 1249 1508; x_wconf 80' lang='lat' dir='ltr'><strong>apocopen</strong></span> <span class='ocrx_word' id='word_1_93' title='bbox 1270 1412 1326 1505; x_wconf 87' lang='lat' dir='ltr'><strong>pati</strong></span> 
     </span>
     <span class='ocr_line' id='line_1_11' title="bbox 235 1515 1327 1600; baseline -0.003 -20"><span class='ocrx_word' id='word_1_94' title='bbox 235 1517 343 1582; x_wconf 79' lang='lat' dir='ltr'><strong>solent</strong></span> <span class='ocrx_word' id='word_1_95' title='bbox 362 1527 438 1582; x_wconf 79' lang='lat' dir='ltr'><strong>autc</strong></span> <span class='ocrx_word' id='word_1_96' title='bbox 459 1515 654 1595; x_wconf 78' lang='lat' dir='ltr'><strong>articulum,</strong></span> <span class='ocrx_word' id='word_1_97' title='bbox 682 1531 719 1583; x_wconf 88' lang='lat' dir='ltr'><strong>ut</strong></span> <span class='ocrx_word' id='word_1_98' title='bbox 739 1517 872 1595; x_wconf 81' lang='grc' dir='ltr'><strong><em>καττάν,</em></strong></span> <span class='ocrx_word' id='word_1_99' title='bbox 897 1517 1031 1596; x_wconf 83' lang='grc' dir='ltr'><strong><em>καττάς,</em></strong></span> <span class='ocrx_word' id='word_1_100' title='bbox 1055 1517 1171 1600; x_wconf 86' lang='grc' dir='ltr'><strong><em>καττά,</em></strong></span> <span class='ocrx_word' id='word_1_101' title='bbox 1195 1517 1327 1596; x_wconf 62' lang='lat' dir='ltr'><strong>namin,</strong></span> 
     </span>
     <span class='ocr_line' id='line_1_12' title="bbox 234 1616 1328 1710; baseline 0 -29"><span class='ocrx_word' id='word_1_102' title='bbox 234 1621 350 1698; x_wconf 75' lang='grc' dir='ltr'><strong><em>ποττῷ,</em></strong></span> <span class='ocrx_word' id='word_1_103' title='bbox 374 1616 502 1696; x_wconf 87' lang='grc' dir='ltr'><strong><em>ποττόν,</em></strong></span> <span class='ocrx_word' id='word_1_104' title='bbox 527 1617 641 1696; x_wconf 86' lang='grc' dir='ltr'><strong><em>ποττό,</em></strong></span> <span class='ocrx_word' id='word_1_105' title='bbox 664 1618 799 1697; x_wconf 87' lang='grc' dir='ltr'><strong><em>ποττάν,</em></strong></span> <span class='ocrx_word' id='word_1_106' title='bbox 823 1618 962 1702; x_wconf 82' lang='grc' dir='ltr'><strong><em>ποττάς,</em></strong></span> <span class='ocrx_word' id='word_1_107' title='bbox 990 1621 1045 1686; x_wconf 86' lang='lat' dir='ltr'><strong>cui</strong></span> <span class='ocrx_word' id='word_1_108' title='bbox 1068 1620 1202 1710; x_wconf 78' lang='lat' dir='ltr'><strong>regulae</strong></span> <span class='ocrx_word' id='word_1_109' title='bbox 1222 1620 1328 1687; x_wconf 85' lang='lat' dir='ltr'><strong>adver·</strong></span> 
     </span>
     <span class='ocr_line' id='line_1_13' title="bbox 235 1719 1328 1804; baseline -0.004 -19"><span class='ocrx_word' id='word_1_110' title='bbox 235 1730 350 1786; x_wconf 72' lang='lat' dir='ltr'><strong>santur</strong></span> <span class='ocrx_word' id='word_1_111' title='bbox 373 1719 577 1786; x_wconf 82' lang='lat' dir='ltr'><strong>solummodo</strong></span> <span class='ocrx_word' id='word_1_112' title='bbox 597 1725 670 1786; x_wconf 76' lang='grc' dir='ltr'><strong><em>ποτὶ</em></strong></span> <span class='ocrx_word' id='word_1_113' title='bbox 692 1721 746 1786; x_wconf 87' lang='grc' dir='ltr'><strong><em>τόν</em></strong></span> <span class='ocrx_word' id='word_1_114' title='bbox 768 1733 800 1786; x_wconf 84' lang='lat' dir='ltr'><strong>et</strong></span> <span class='ocrx_word' id='word_1_115' title='bbox 823 1725 894 1787; x_wconf 77' lang='grc' dir='ltr'><strong><em>ποτὶ</em></strong></span> <span class='ocrx_word' id='word_1_116' title='bbox 914 1719 970 1784; x_wconf 81' lang='grc' dir='ltr'><strong><em>τάν</em></strong></span> <span class='ocrx_word' id='word_1_117' title='bbox 992 1721 1032 1786; x_wconf 92' lang='grc' dir='ltr'><strong>Β.</strong></span> <span class='ocrx_word' id='word_1_118' title='bbox 1051 1719 1113 1803; x_wconf 91' lang='grc'><strong>16,</strong></span> <span class='ocrx_word' id='word_1_119' title='bbox 1135 1721 1190 1804; x_wconf 77' lang='grc'><strong>11,</strong></span> <span class='ocrx_word' id='word_1_120' title='bbox 1214 1722 1328 1787; x_wconf 83' lang='grc'><strong>13.18.</strong></span> 
     </span>
     <span class='ocr_line' id='line_1_14' title="bbox 233 1821 1328 1910; baseline -0.005 -22"><span class='ocrx_word' id='word_1_121' title='bbox 233 1821 286 1890; x_wconf 87' lang='grc'><strong>38.</strong></span> <span class='ocrx_word' id='word_1_122' title='bbox 312 1821 396 1902; x_wconf 91' lang='grc'><strong>100,</strong></span> <span class='ocrx_word' id='word_1_123' title='bbox 429 1846 513 1910; x_wconf 86' lang='lat' dir='ltr'><strong>qnae</strong></span> <span class='ocrx_word' id='word_1_124' title='bbox 540 1823 577 1887; x_wconf 90' lang='lat' dir='ltr'><strong>in</strong></span> <span class='ocrx_word' id='word_1_125' title='bbox 608 1825 709 1890; x_wconf 87' lang='lat' dir='ltr'><strong>altera</strong></span> <span class='ocrx_word' id='word_1_126' title='bbox 737 1824 848 1889; x_wconf 84' lang='lat' dir='ltr'><strong>tabula</strong></span> <span class='ocrx_word' id='word_1_127' title='bbox 877 1823 966 1888; x_wconf 80' lang='lat' dir='ltr'><strong>inter</strong></span> <span class='ocrx_word' id='word_1_128' title='bbox 992 1822 1121 1910; x_wconf 84' lang='lat' dir='ltr'><strong>reliqna</strong></span> <span class='ocrx_word' id='word_1_129' title='bbox 1142 1821 1328 1888; x_wconf 75' lang='lat' dir='ltr'><strong>recentioris</strong></span> 
     </span>
     <span class='ocr_line' id='line_1_15' title="bbox 234 1919 1329 2014; baseline -0.006 -22"><span class='ocrx_word' id='word_1_130' title='bbox 234 1925 349 1992; x_wconf 83' lang='lat' dir='ltr'><strong>aetatis</strong></span> <span class='ocrx_word' id='word_1_131' title='bbox 379 1923 503 1990; x_wconf 83' lang='lat' dir='ltr'><strong>indicia</strong></span> <span class='ocrx_word' id='word_1_132' title='bbox 531 1924 704 2008; x_wconf 73' lang='lat' dir='ltr'><strong>retuleris,</strong></span> <span class='ocrx_word' id='word_1_133' title='bbox 739 1919 841 2014; x_wconf 78' lang='lat' dir='ltr'><strong>q&#39;uum</strong></span> <span class='ocrx_word' id='word_1_134' title='bbox 870 1925 906 1989; x_wconf 87' lang='lat' dir='ltr'><strong>in</strong></span> <span class='ocrx_word' id='word_1_135' title='bbox 937 1926 1121 2011; x_wconf 72' lang='lat' dir='ltr'><strong>fragmento</strong></span> <span class='ocrx_word' id='word_1_136' title='bbox 1144 1923 1329 1990; x_wconf 83' lang='lat' dir='ltr'><strong>Britannico</strong></span> 
     </span>
     <span class='ocr_line' id='line_1_16' title="bbox 233 2024 1331 2115; baseline -0.002 -25"><span class='ocrx_word' id='word_1_137' title='bbox 233 2030 305 2090; x_wconf 82' lang='grc' dir='ltr'><strong><em>ποτὶ</em></strong></span> <span class='ocrx_word' id='word_1_138' title='bbox 332 2025 389 2089; x_wconf 89' lang='grc' dir='ltr'><strong><em>τάν</em></strong></span> <span class='ocrx_word' id='word_1_139' title='bbox 418 2026 528 2091; x_wconf 86' lang='lat' dir='ltr'><strong>minus</strong></span> <span class='ocrx_word' id='word_1_140' title='bbox 560 2038 710 2091; x_wconf 79' lang='lat' dir='ltr'><strong>accurate</strong></span> <span class='ocrx_word' id='word_1_141' title='bbox 740 2051 758 2091; x_wconf 85' lang='lat' dir='ltr'><strong>a</strong></span> <span class='ocrx_word' id='word_1_142' title='bbox 785 2024 966 2092; x_wconf 80' lang='lat' dir='ltr'><strong>Maittaieio</strong></span> <span class='ocrx_word' id='word_1_143' title='bbox 1000 2025 1201 2115; x_wconf 82' lang='lat' dir='ltr'><strong>descriptum</strong></span> <span class='ocrx_word' id='word_1_144' title='bbox 1229 2024 1331 2095; x_wconf 83' lang='lat' dir='ltr'><strong>videri</strong></span> 
     </span>
     <span class='ocr_line' id='line_1_17' title="bbox 234 2127 1330 2218; baseline -0.003 -23"><span class='ocrx_word' id='word_1_145' title='bbox 234 2128 353 2217; x_wconf 87' lang='lat' dir='ltr'><strong>possit.</strong></span> <span class='ocrx_word' id='word_1_146' title='bbox 388 2127 479 2196; x_wconf 87' lang='lat' dir='ltr'><strong>Raro</strong></span> <span class='ocrx_word' id='word_1_147' title='bbox 498 2151 644 2217; x_wconf 76' lang='lat' dir='ltr'><strong>apocope</strong></span> <span class='ocrx_word' id='word_1_148' title='bbox 666 2128 702 2192; x_wconf 83' lang='lat' dir='ltr'><strong>fit</strong></span> <span class='ocrx_word' id='word_1_149' title='bbox 725 2139 800 2195; x_wconf 82' lang='lat' dir='ltr'><strong>ante</strong></span> <span class='ocrx_word' id='word_1_150' title='bbox 821 2130 904 2207; x_wconf 76' lang='lat' dir='ltr'><strong>alias</strong></span> <span class='ocrx_word' id='word_1_151' title='bbox 919 2151 1039 2211; x_wconf 62' lang='grc' dir='ltr'><strong><em>νοτες,</em></strong></span> <span class='ocrx_word' id='word_1_152' title='bbox 1062 2151 1146 2216; x_wconf 72' lang='lat' dir='ltr'><strong>«puae</strong></span> <span class='ocrx_word' id='word_1_153' title='bbox 1167 2153 1186 2194; x_wconf 88' lang='lat' dir='ltr'><strong>a</strong></span> <span class='ocrx_word' id='word_1_154' title='bbox 1207 2128 1330 2218; x_wconf 78' lang='lat' dir='ltr'><strong>lingna-</strong></span> 
     </span>
     <span class='ocr_line' id='line_1_18' title="bbox 211 2229 1331 2314; baseline -0.003 -18"><span class='ocrx_word' id='word_1_155' title='bbox 211 2309 213 2314; x_wconf 17' lang='grc' dir='ltr'>ι</span> <span class='ocrx_word' id='word_1_156' title='bbox 234 2229 324 2296; x_wconf 86' lang='lat' dir='ltr'><strong>libus</strong></span> <span class='ocrx_word' id='word_1_157' title='bbox 345 2229 540 2312; x_wconf 82' lang='lat' dir='ltr'><strong>ordiuntur,</strong></span> <span class='ocrx_word' id='word_1_158' title='bbox 562 2241 598 2294; x_wconf 87' lang='lat' dir='ltr'><strong>ut</strong></span> <span class='ocrx_word' id='word_1_159' title='bbox 619 2231 924 2314; x_wconf 77' lang='grc' dir='ltr'><strong><em>προκαδδεὸικάπθω</em></strong></span> <span class='ocrx_word' id='word_1_160' title='bbox 946 2233 981 2312; x_wconf 85' lang='lat'><strong>1,</strong></span> <span class='ocrx_word' id='word_1_161' title='bbox 1006 2231 1069 2298; x_wconf 82' lang='grc'><strong>123</strong></span> <span class='ocrx_word' id='word_1_162' title='bbox 1092 2235 1218 2310; x_wconf 85' lang='lat' dir='ltr'><strong>(eontra</strong></span> <span class='ocrx_word' id='word_1_163' title='bbox 1240 2256 1331 2294; x_wconf 88' lang='grc' dir='ltr'><strong><em>κατα-</em></strong></span> 
     </span>
     <span class='ocr_line' id='line_1_19' title="bbox 236 2327 1328 2425; baseline -0.002 -29"><span class='ocrx_word' id='word_1_164' title='bbox 236 2335 326 2396; x_wconf 80' lang='grc' dir='ltr'><strong><em>δνκᾶν</em></strong></span> <span class='ocrx_word' id='word_1_165' title='bbox 348 2331 386 2413; x_wconf 86' lang='lat' dir='ltr'><strong>l,</strong></span> <span class='ocrx_word' id='word_1_166' title='bbox 404 2327 506 2424; x_wconf 90' lang='grc'><strong>108),</strong></span> <span class='ocrx_word' id='word_1_167' title='bbox 529 2332 696 2408; x_wconf 74' lang='grc' dir='ltr'><strong><em>ποτθένττς</em></strong></span> <span class='ocrx_word' id='word_1_168' title='bbox 717 2333 769 2415; x_wconf 90' lang='grc' dir='ltr'><strong>ΙΙ,</strong></span> <span class='ocrx_word' id='word_1_169' title='bbox 788 2334 849 2417; x_wconf 88' lang='grc'><strong>30,</strong></span> <span class='ocrx_word' id='word_1_170' title='bbox 871 2357 1039 2425; x_wconf 83' lang='lat' dir='ltr'><strong>nunquam</strong></span> <span class='ocrx_word' id='word_1_171' title='bbox 1061 2342 1138 2398; x_wconf 85' lang='lat' dir='ltr'><strong>ante</strong></span> <span class='ocrx_word' id='word_1_172' title='bbox 1159 2331 1239 2396; x_wconf 84' lang='lat' dir='ltr'><strong>alias</strong></span> <span class='ocrx_word' id='word_1_173' title='bbox 1260 2356 1328 2397; x_wconf 91' lang='lat' dir='ltr'><strong>con-</strong></span> 
     </span>
     <span class='ocr_line' id='line_1_20' title="bbox 236 2433 1329 2519; baseline 0 -21"><span class='ocrx_word' id='word_1_174' title='bbox 236 2457 354 2518; x_wconf 83' lang='lat' dir='ltr'><strong>sonas,</strong></span> <span class='ocrx_word' id='word_1_175' title='bbox 390 2443 425 2498; x_wconf 87' lang='lat' dir='ltr'><strong>ut</strong></span> <span class='ocrx_word' id='word_1_176' title='bbox 453 2433 671 2509; x_wconf 80' lang='grc' dir='ltr'><strong>καταλιπόντες</strong></span> <span class='ocrx_word' id='word_1_177' title='bbox 700 2434 736 2518; x_wconf 86' lang='lat' dir='ltr'><strong>l,</strong></span> <span class='ocrx_word' id='word_1_178' title='bbox 768 2437 828 2519; x_wconf 88' lang='grc'><strong>14,</strong></span> <span class='ocrx_word' id='word_1_179' title='bbox 864 2435 944 2500; x_wconf 78' lang='grc' dir='ltr'><strong><em>κατὰ</em></strong></span> <span class='ocrx_word' id='word_1_180' title='bbox 971 2435 1031 2519; x_wconf 78' lang='grc' dir='ltr'><strong>βίω</strong></span> <span class='ocrx_word' id='word_1_181' title='bbox 1060 2434 1110 2517; x_wconf 89' lang='grc' dir='ltr'><strong>Β,</strong></span> <span class='ocrx_word' id='word_1_182' title='bbox 1134 2435 1187 2500; x_wconf 86' lang='grc'><strong>50.</strong></span> <span class='ocrx_word' id='word_1_183' title='bbox 1220 2435 1256 2518; x_wconf 90' lang='grc'><strong>1,</strong></span> <span class='ocrx_word' id='word_1_184' title='bbox 1278 2435 1329 2514; x_wconf 89' lang='grc'><strong>51,</strong></span> 
     </span>
     <span class='ocr_line' id='line_1_21' title="bbox 233 2534 1329 2626; baseline -0.005 -24"><span class='ocrx_word' id='word_1_185' title='bbox 233 2534 427 2617; x_wconf 79' lang='grc' dir='ltr'><strong><em>πντνφυτεύω</em></strong></span> <span class='ocrx_word' id='word_1_186' title='bbox 455 2547 519 2601; x_wconf 90' lang='lat' dir='ltr'><strong>etc.</strong></span> <span class='ocrx_word' id='word_1_187' title='bbox 550 2577 592 2587; x_wconf 90' lang='lat'><em>-</em></span> <span class='ocrx_word' id='word_1_188' title='bbox 636 2537 783 2602; x_wconf 84' lang='lat' dir='ltr'><strong>Eaedem</strong></span> <span class='ocrx_word' id='word_1_189' title='bbox 806 2540 940 2626; x_wconf 79' lang='lat' dir='ltr'><strong>regulae</strong></span> <span class='ocrx_word' id='word_1_190' title='bbox 962 2537 1126 2606; x_wconf 78' lang='lat' dir='ltr'><strong>valuerint</strong></span> <span class='ocrx_word' id='word_1_191' title='bbox 1149 2537 1184 2603; x_wconf 90' lang='lat' dir='ltr'><strong>in</strong></span> <span class='ocrx_word' id='word_1_192' title='bbox 1206 2537 1329 2604; x_wconf 81' lang='lat' dir='ltr'><strong>Bruttio</strong></span> 
     </span>
     <span class='ocr_line' id='line_1_22' title="bbox 234 2637 1329 2735; baseline -0.002 -31"><span class='ocrx_word' id='word_1_193' title='bbox 234 2639 357 2720; x_wconf 87' lang='lat' dir='ltr'><strong>titulo,</strong></span> <span class='ocrx_word' id='word_1_194' title='bbox 401 2637 436 2701; x_wconf 88' lang='lat' dir='ltr'><strong>in</strong></span> <span class='ocrx_word' id='word_1_195' title='bbox 469 2660 535 2726; x_wconf 88' lang='lat' dir='ltr'><strong>qno</strong></span> <span class='ocrx_word' id='word_1_196' title='bbox 565 2638 650 2704; x_wconf 86' lang='lat' dir='ltr'><strong>nihil</strong></span> <span class='ocrx_word' id='word_1_197' title='bbox 677 2639 746 2728; x_wconf 77' lang='lat' dir='ltr'><strong>legi</strong></span> <span class='ocrx_word' id='word_1_198' title='bbox 773 2649 905 2728; x_wconf 84' lang='lat' dir='ltr'><strong>potest,</strong></span> <span class='ocrx_word' id='word_1_199' title='bbox 948 2640 1038 2730; x_wconf 92' lang='lat' dir='ltr'><strong>quod</strong></span> <span class='ocrx_word' id='word_1_200' title='bbox 1069 2639 1329 2735; x_wconf 40' lang='lat' dir='ltr'><strong>hnmpertincat,</strong></span> 
     </span>
     <span class='ocr_line' id='line_1_23' title="bbox 233 2737 1328 2830; baseline 0.002 -28"><span class='ocrx_word' id='word_1_201' title='bbox 233 2749 361 2826; x_wconf 76' lang='lat' dir='ltr'><strong>praetor</strong></span> <span class='ocrx_word' id='word_1_202' title='bbox 383 2737 516 2820; x_wconf 72' lang='grc' dir='ltr'><strong>ἀνθεῖν,</strong></span> <span class='ocrx_word' id='word_1_203' title='bbox 532 2739 658 2805; x_wconf 86' lang='lat' dir='ltr'><strong>deinde</strong></span> <span class='ocrx_word' id='word_1_204' title='bbox 681 2737 716 2804; x_wconf 88' lang='lat' dir='ltr'><strong>in</strong></span> <span class='ocrx_word' id='word_1_205' title='bbox 739 2741 864 2807; x_wconf 84' lang='lat' dir='ltr'><strong>Lacon.</strong></span> <span class='ocrx_word' id='word_1_206' title='bbox 889 2741 994 2829; x_wconf 87' lang='grc'><strong>1511,</strong></span> <span class='ocrx_word' id='word_1_207' title='bbox 1016 2740 1075 2806; x_wconf 89' lang='lat' dir='ltr'><strong>ubi</strong></span> <span class='ocrx_word' id='word_1_208' title='bbox 1098 2765 1196 2830; x_wconf 83' lang='lat' dir='ltr'><strong>saepe</strong></span> <span class='ocrx_word' id='word_1_209' title='bbox 1217 2741 1328 2830; x_wconf 82' lang='lat' dir='ltr'><strong>repeti·</strong></span> 
     </span>
     <span class='ocr_line' id='line_1_24' title="bbox 233 2838 1329 2933; baseline 0.002 -30"><span class='ocrx_word' id='word_1_210' title='bbox 233 2850 287 2906; x_wconf 80' lang='lat' dir='ltr'><strong>tur</strong></span> <span class='ocrx_word' id='word_1_211' title='bbox 308 2838 419 2904; x_wconf 88' lang='grc' dir='ltr'><strong><em>ποττόν</em></strong></span> <span class='ocrx_word' id='word_1_212' title='bbox 441 2841 512 2920; x_wconf 83' lang='grc'><strong>(1.3</strong></span> <span class='ocrx_word' id='word_1_213' title='bbox 534 2841 630 2905; x_wconf 89' lang='grc' dir='ltr'><strong><em>ποτόν</em></strong></span> <span class='ocrx_word' id='word_1_214' title='bbox 650 2841 825 2926; x_wconf 81' lang='lat' dir='ltr'><strong>traditur),</strong></span> <span class='ocrx_word' id='word_1_215' title='bbox 850 2845 886 2909; x_wconf 89' lang='lat' dir='ltr'><strong>in</strong></span> <span class='ocrx_word' id='word_1_216' title='bbox 898 2843 1023 2933; x_wconf 85' lang='lat' dir='ltr'><strong>Amph.</strong></span> <span class='ocrx_word' id='word_1_217' title='bbox 1037 2841 1140 2928; x_wconf 88' lang='grc'><strong>1688,</strong></span> <span class='ocrx_word' id='word_1_218' title='bbox 1163 2839 1329 2908; x_wconf 74' lang='lat' dir='ltr'><strong>ubi-uani</strong></span> 
     </span>
     <span class='ocr_line' id='line_1_25' title="bbox 234 2940 1330 3034; baseline 0.002 -28"><span class='ocrx_word' id='word_1_219' title='bbox 234 2941 294 3022; x_wconf 90' lang='grc'><strong>17,</strong></span> <span class='ocrx_word' id='word_1_220' title='bbox 318 2940 433 3005; x_wconf 83' lang='grc' dir='ltr'><strong><em>καττάν</em></strong></span> <span class='ocrx_word' id='word_1_221' title='bbox 454 2942 515 3023; x_wconf 89' lang='grc'><strong>41,</strong></span> <span class='ocrx_word' id='word_1_222' title='bbox 540 2941 638 3006; x_wconf 86' lang='grc' dir='ltr'><strong><em>κατάν</em></strong></span> <span class='ocrx_word' id='word_1_223' title='bbox 661 2943 721 3026; x_wconf 93' lang='grc'><strong>11,</strong></span> <span class='ocrx_word' id='word_1_224' title='bbox 744 2944 824 3008; x_wconf 82' lang='grc' dir='ltr'><strong><em>κατά</em></strong></span> <span class='ocrx_word' id='word_1_225' title='bbox 845 2945 868 3010; x_wconf 91' lang='lat' dir='ltr'><strong>i.</strong></span> <span class='ocrx_word' id='word_1_226' title='bbox 894 2970 924 3011; x_wconf 82' lang='lat' dir='ltr'><strong>e.</strong></span> <span class='ocrx_word' id='word_1_227' title='bbox 948 2945 1045 3010; x_wconf 77' lang='grc' dir='ltr'><strong><em>καττά</em></strong></span> <span class='ocrx_word' id='word_1_228' title='bbox 1064 2967 1126 3034; x_wconf 83' lang='lat' dir='ltr'><strong>pco</strong></span> <span class='ocrx_word' id='word_1_229' title='bbox 1148 2943 1226 3010; x_wconf 80' lang='grc' dir='ltr'><strong><em>καθ’</em></strong></span> <span class='ocrx_word' id='word_1_230' title='bbox 1249 2945 1269 3008; x_wconf 78' lang='lat' dir='ltr'><strong>ii</strong></span> <span class='ocrx_word' id='word_1_231' title='bbox 1289 2944 1330 3009; x_wconf 92' lang='grc'><strong>10</strong></span> 
     </span>
     <span class='ocr_line' id='line_1_26' title="bbox 235 3043 1328 3136; baseline 0.003 -31"><span class='ocrx_word' id='word_1_232' title='bbox 235 3043 282 3120; x_wconf 79' lang='lat' dir='ltr'><strong>(at</strong></span> <span class='ocrx_word' id='word_1_233' title='bbox 304 3043 574 3108; x_wconf 71' lang='grc' dir='ltr'><strong><em>καταδικασθέντα</em></strong></span> <span class='ocrx_word' id='word_1_234' title='bbox 595 3043 629 3123; x_wconf 89' lang='grc'><strong>5)</strong></span> <span class='ocrx_word' id='word_1_235' title='bbox 651 3085 694 3098; x_wconf 92' lang='lat'><em>-</em></span> <span class='ocrx_word' id='word_1_236' title='bbox 716 3045 827 3121; x_wconf 83' lang='grc' dir='ltr'><strong><em>παντός</em></strong></span> <span class='ocrx_word' id='word_1_237' title='bbox 846 3047 912 3132; x_wconf 86' lang='grc'><strong>26,</strong></span> <span class='ocrx_word' id='word_1_238' title='bbox 934 3045 1046 3112; x_wconf 70' lang='lat' dir='ltr'><strong>nonde</strong></span> <span class='ocrx_word' id='word_1_239' title='bbox 1060 3047 1115 3129; x_wconf 90' lang='grc'><strong>47,</strong></span> <span class='ocrx_word' id='word_1_240' title='bbox 1138 3047 1174 3111; x_wconf 91' lang='lat' dir='ltr'><strong>in</strong></span> <span class='ocrx_word' id='word_1_241' title='bbox 1198 3048 1328 3136; x_wconf 70' lang='lat' dir='ltr'><strong>Corcyr.</strong></span> 
     </span>
     <span class='ocr_line' id='line_1_27' title="bbox 234 3144 1328 3238; baseline 0.003 -29"><span class='ocrx_word' id='word_1_242' title='bbox 234 3144 332 3226; x_wconf 84' lang='lat'><strong>1838,</strong></span> <span class='ocrx_word' id='word_1_243' title='bbox 352 3169 390 3227; x_wconf 89' lang='lat' dir='ltr'><strong>a,</strong></span> <span class='ocrx_word' id='word_1_244' title='bbox 424 3145 635 3224; x_wconf 84' lang='grc' dir='ltr'><strong>ιι1ιίποττι’ν,</strong></span> <span class='ocrx_word' id='word_1_245' title='bbox 668 3149 921 3232; x_wconf 42' lang='lat' dir='ltr'><strong>et,1840‚1uhi</strong></span> <span class='ocrx_word' id='word_1_246' title='bbox 944 3153 1028 3231; x_wconf 80' lang='grc' dir='ltr'><strong><em>ποτῷ</em></strong></span> <span class='ocrx_word' id='word_1_247' title='bbox 1057 3149 1137 3231; x_wconf 83' lang='lat' dir='ltr'><strong>(vid.</strong></span> <span class='ocrx_word' id='word_1_248' title='bbox 1162 3145 1194 3238; x_wconf 83' lang='lat'><strong>§.</strong></span> <span class='ocrx_word' id='word_1_249' title='bbox 1215 3151 1274 3234; x_wconf 86' lang='grc'><strong>25,</strong></span> <span class='ocrx_word' id='word_1_250' title='bbox 1292 3149 1328 3224; x_wconf 83' lang='grc'><strong>4)</strong></span> 
     </span>
     <span class='ocr_line' id='line_1_28' title="bbox 235 3247 1237 3340; baseline 0.01 -32"><span class='ocrx_word' id='word_1_251' title='bbox 235 3255 268 3310; x_wconf 86' lang='lat' dir='ltr'><strong>et</strong></span> <span class='ocrx_word' id='word_1_252' title='bbox 288 3250 400 3327; x_wconf 82' lang='grc' dir='ltr'><strong><em>ποττᾷ,</em></strong></span> <span class='ocrx_word' id='word_1_253' title='bbox 425 3258 591 3334; x_wconf 78' lang='lat' dir='ltr'><strong>postremo</strong></span> <span class='ocrx_word' id='word_1_254' title='bbox 613 3249 649 3314; x_wconf 90' lang='lat' dir='ltr'><strong>in</strong></span> <span class='ocrx_word' id='word_1_255' title='bbox 671 3249 797 3340; x_wconf 73' lang='lat' dir='ltr'><strong>Aegio.</strong></span> <span class='ocrx_word' id='word_1_256' title='bbox 818 3251 917 3334; x_wconf 93' lang='grc'><strong>2140,</strong></span> <span class='ocrx_word' id='word_1_257' title='bbox 934 3251 975 3335; x_wconf 84' lang='lat' dir='ltr'><strong>h,</strong></span> <span class='ocrx_word' id='word_1_258' title='bbox 999 3251 1062 3316; x_wconf 84' lang='lat' dir='ltr'><strong>nbi</strong></span> <span class='ocrx_word' id='word_1_259' title='bbox 1081 3247 1237 3318; x_wconf 81' lang='grc' dir='ltr'><strong><em>κατθέντν.</em></strong></span> 
     </span>
     <span class='ocr_line' id='line_1_29' title="bbox 319 3342 1326 3441; baseline -0.001 -29"><span class='ocrx_word' id='word_1_260' title='bbox 319 3349 492 3414; x_wconf 81' lang='lat' dir='ltr'><strong>Praeterea</strong></span> <span class='ocrx_word' id='word_1_261' title='bbox 520 3373 665 3440; x_wconf 85' lang='lat' dir='ltr'><strong>apocope</strong></span> <span class='ocrx_word' id='word_1_262' title='bbox 694 3351 857 3441; x_wconf 76' lang='lat' dir='ltr'><strong>reponitur</strong></span> <span class='ocrx_word' id='word_1_263' title='bbox 884 3352 920 3417; x_wconf 85' lang='lat' dir='ltr'><strong>in</strong></span> <span class='ocrx_word' id='word_1_264' title='bbox 949 3342 1075 3440; x_wconf 77' lang='lat' dir='ltr'><strong>Megan.</strong></span> <span class='ocrx_word' id='word_1_265' title='bbox 1102 3352 1187 3419; x_wconf 88' lang='grc'><strong>1052</strong></span> <span class='ocrx_word' id='word_1_266' title='bbox 1216 3350 1326 3416; x_wconf 64' lang='lat' dir='ltr'><strong>avenn</strong></span> 
     </span>
     <span class='ocr_line' id='line_1_30' title="bbox 234 3449 1327 3541; baseline 0.002 -27"><span class='ocrx_word' id='word_1_267' title='bbox 234 3461 267 3516; x_wconf 85' lang='lat' dir='ltr'><strong>et</strong></span> <span class='ocrx_word' id='word_1_268' title='bbox 287 3449 478 3536; x_wconf 74' lang='lat' dir='ltr'><strong>‹iyypoipdco</strong></span> <span class='ocrx_word' id='word_1_269' title='bbox 499 3452 572 3531; x_wconf 85' lang='lat' dir='ltr'><strong>(sed</strong></span> <span class='ocrx_word' id='word_1_270' title='bbox 593 3452 752 3538; x_wconf 69' lang='grc' dir='ltr'><strong><em>κατὰ-γᾶν</em></strong></span> <span class='ocrx_word' id='word_1_271' title='bbox 768 3457 823 3518; x_wconf 77' lang='grc' dir='ltr'><strong>καὶ</strong></span> <span class='ocrx_word' id='word_1_272' title='bbox 837 3451 916 3518; x_wconf 69' lang='grc' dir='ltr'><strong><em>κατὰ</em></strong></span> <span class='ocrx_word' id='word_1_273' title='bbox 931 3453 1116 3531; x_wconf 79' lang='grc' dir='ltr'><strong><em>θάλασσαν)</em></strong></span> <span class='ocrx_word' id='word_1_274' title='bbox 1130 3487 1172 3504; x_wconf 84' lang='lat'><strong>-—</strong></span> <span class='ocrx_word' id='word_1_275' title='bbox 1197 3455 1327 3541; x_wconf 70' lang='lat' dir='ltr'><strong>Cot-cpe.</strong></span> 
     </span>
     <span class='ocr_line' id='line_1_31' title="bbox 236 3550 1325 3643; baseline -0.001 -26"><span class='ocrx_word' id='word_1_276' title='bbox 236 3553 321 3620; x_wconf 87' lang='grc'><strong>1845</strong></span> <span class='ocrx_word' id='word_1_277' title='bbox 355 3550 543 3638; x_wconf 81' lang='grc' dir='ltr'><strong><em>ἆνπράξαντν</em></strong></span> <span class='ocrx_word' id='word_1_278' title='bbox 574 3555 599 3620; x_wconf 91' lang='lat' dir='ltr'><strong>l.</strong></span> <span class='ocrx_word' id='word_1_279' title='bbox 623 3557 685 3638; x_wconf 87' lang='grc'><strong>73,</strong></span> <span class='ocrx_word' id='word_1_280' title='bbox 720 3554 917 3637; x_wconf 79' lang='grc' dir='ltr'><strong><em>ἆνπράξωντν</em></strong></span> <span class='ocrx_word' id='word_1_281' title='bbox 945 3557 1009 3640; x_wconf 86' lang='grc'><strong>01,</strong></span> <span class='ocrx_word' id='word_1_282' title='bbox 1034 3555 1232 3643; x_wconf 55' lang='grc' dir='ltr'><strong><em>ιᾶπάρβολος</em></strong></span> <span class='ocrx_word' id='word_1_283' title='bbox 1258 3553 1325 3634; x_wconf 87' lang='grc'><strong>115,</strong></span> 
     </span>
     <span class='ocr_line' id='line_1_32' title="bbox 236 3655 1327 3748; baseline 0.004 -29"><span class='ocrx_word' id='word_1_284' title='bbox 236 3655 321 3744; x_wconf 81' lang='lat' dir='ltr'><strong>quae</strong></span> <span class='ocrx_word' id='word_1_285' title='bbox 342 3678 402 3744; x_wconf 85' lang='lat' dir='ltr'><strong>pro</strong></span> <span class='ocrx_word' id='word_1_286' title='bbox 424 3655 508 3719; x_wconf 81' lang='lat' dir='ltr'><strong>mala</strong></span> <span class='ocrx_word' id='word_1_287' title='bbox 529 3655 618 3721; x_wconf 86' lang='lat' dir='ltr'><strong>tituli</strong></span> <span class='ocrx_word' id='word_1_288' title='bbox 640 3656 705 3722; x_wconf 87' lang='lat' dir='ltr'><strong>fide</strong></span> <span class='ocrx_word' id='word_1_289' title='bbox 727 3657 827 3722; x_wconf 86' lang='lat' dir='ltr'><strong>dubia</strong></span> <span class='ocrx_word' id='word_1_290' title='bbox 848 3657 1023 3742; x_wconf 82' lang='lat' dir='ltr'><strong>videntur,</strong></span> <span class='ocrx_word' id='word_1_291' title='bbox 1056 3682 1160 3747; x_wconf 87' lang='lat' dir='ltr'><strong>quum</strong></span> <span class='ocrx_word' id='word_1_292' title='bbox 1182 3659 1327 3748; x_wconf 81' lang='lat' dir='ltr'><strong>frequen·</strong></span> 
     </span>
     <span class='ocr_line' id='line_1_33' title="bbox 233 3755 1325 3852; baseline -0.001 -33"><span class='ocrx_word' id='word_1_293' title='bbox 233 3767 345 3820; x_wconf 80' lang='lat' dir='ltr'><strong>tentur</strong></span> <span class='ocrx_word' id='word_1_294' title='bbox 364 3755 401 3819; x_wconf 91' lang='lat' dir='ltr'><strong>in</strong></span> <span class='ocrx_word' id='word_1_295' title='bbox 424 3756 538 3822; x_wconf 88' lang='lat' dir='ltr'><strong>eodem</strong></span> <span class='ocrx_word' id='word_1_296' title='bbox 559 3761 770 3843; x_wconf 78' lang='grc' dir='ltr'><strong>παραλαβεῖν,</strong></span> <span class='ocrx_word' id='word_1_297' title='bbox 801 3759 1012 3852; x_wconf 72' lang='grc' dir='ltr'><strong><em>παραδόντες,</em></strong></span> <span class='ocrx_word' id='word_1_298' title='bbox 1046 3763 1276 3843; x_wconf 73' lang='grc' dir='ltr'><strong>παραγίνεσθαι</strong></span> <span class='ocrx_word' id='word_1_299' title='bbox 1292 3765 1325 3818; x_wconf 80' lang='lat' dir='ltr'><strong>et</strong></span> 
     </span>
     <span class='ocr_line' id='line_1_34' title="bbox 236 3855 1326 3947; baseline 0.008 -27"><span class='ocrx_word' id='word_1_300' title='bbox 236 3855 381 3938; x_wconf 86' lang='lat' dir='ltr'><strong>similia,</strong></span> <span class='ocrx_word' id='word_1_301' title='bbox 418 3855 650 3942; x_wconf 77' lang='grc' dir='ltr'><strong><em>ἄναπράξαντες</em></strong></span> <span class='ocrx_word' id='word_1_302' title='bbox 672 3860 732 3938; x_wconf 87' lang='grc'><strong>58,</strong></span> <span class='ocrx_word' id='word_1_303' title='bbox 767 3860 847 3925; x_wconf 77' lang='grc' dir='ltr'><strong><em>κατὰ</em></strong></span> <span class='ocrx_word' id='word_1_304' title='bbox 869 3861 922 3928; x_wconf 86' lang='grc' dir='ltr'><strong><em>τόν</em></strong></span> <span class='ocrx_word' id='word_1_305' title='bbox 945 3861 1003 3947; x_wconf 88' lang='grc'><strong>15,</strong></span> <span class='ocrx_word' id='word_1_306' title='bbox 1037 3866 1108 3926; x_wconf 79' lang='grc' dir='ltr'><strong><em>ποτὶ</em></strong></span> <span class='ocrx_word' id='word_1_307' title='bbox 1128 3863 1197 3937; x_wconf 82' lang='grc' dir='ltr'><strong><em>τοῖς</em></strong></span> <span class='ocrx_word' id='word_1_308' title='bbox 1224 3861 1264 3928; x_wconf 84' lang='grc'><strong>62</strong></span> <span class='ocrx_word' id='word_1_309' title='bbox 1285 3889 1326 3902; x_wconf 88' lang='grc'><strong>··</strong></span> 
     </span>
     <span class='ocr_line' id='line_1_35' title="bbox 234 3958 1325 4054; baseline 0 -31"><span class='ocrx_word' id='word_1_310' title='bbox 234 3959 349 4024; x_wconf 82' lang='grc' dir='ltr'><strong>Ηττιιι.</strong></span> <span class='ocrx_word' id='word_1_311' title='bbox 366 3958 461 4037; x_wconf 84' lang='grc'><strong>1193,</strong></span> <span class='ocrx_word' id='word_1_312' title='bbox 487 3960 544 4026; x_wconf 87' lang='lat' dir='ltr'><strong>ubi</strong></span> <span class='ocrx_word' id='word_1_313' title='bbox 564 3961 679 4026; x_wconf 87' lang='grc' dir='ltr'><strong><em>ποττάν</em></strong></span> <span class='ocrx_word' id='word_1_314' title='bbox 700 3962 797 4030; x_wconf 84' lang='lat' dir='ltr'><strong>valde</strong></span> <span class='ocrx_word' id='word_1_315' title='bbox 819 3976 1009 4053; x_wconf 83' lang='lat' dir='ltr'><strong>suspectum</strong></span> <span class='ocrx_word' id='word_1_316' title='bbox 1028 3973 1090 4047; x_wconf 85' lang='lat' dir='ltr'><strong>est,</strong></span> <span class='ocrx_word' id='word_1_317' title='bbox 1112 3962 1192 4054; x_wconf 85' lang='lat' dir='ltr'><strong>quia</strong></span> <span class='ocrx_word' id='word_1_318' title='bbox 1212 3960 1325 4028; x_wconf 80' lang='lat' dir='ltr'><strong>ibidem</strong></span> 
     </span>
    </p>
   </div>
   <div class='ocr_carea' id='block_1_3' title="bbox 1180 4116 1206 4157">
    <p class='ocr_par' dir='ltr' id='par_1_3' title="bbox 1180 4116 1206 4157">
     <span class='ocr_line' id='line_1_36' title="bbox 1180 4116 1206 4157; baseline 0 -20"><span class='ocrx_word' id='word_1_319' title='bbox 1180 4116 1206 4157; x_wconf 71' lang='grc'><strong>,</strong></span> 
     </span>
    </p>
   </div>
   <div class='ocr_carea' id='block_1_4' title="bbox 230 4197 1321 4364">
    <p class='ocr_par' dir='ltr' id='par_1_4' title="bbox 230 4197 1321 4364">
     <span class='ocr_line' id='line_1_37' title="bbox 269 4197 1321 4272; baseline 0.001 -20"><span class='ocrx_word' id='word_1_320' title='bbox 269 4202 297 4267; x_wconf 93' lang='lat' dir='ltr'><strong>l)</strong></span> <span class='ocrx_word' id='word_1_321' title='bbox 333 4199 371 4254; x_wconf 82' lang='lat' dir='ltr'><strong>Ut</strong></span> <span class='ocrx_word' id='word_1_322' title='bbox 390 4198 418 4250; x_wconf 84' lang='lat' dir='ltr'><strong>in</strong></span> <span class='ocrx_word' id='word_1_323' title='bbox 436 4197 482 4250; x_wconf 81' lang='lat' dir='ltr'><strong>his</strong></span> <span class='ocrx_word' id='word_1_324' title='bbox 499 4217 513 4250; x_wconf 89' lang='grc' dir='ltr'><strong><em>ν</em></strong></span> <span class='ocrx_word' id='word_1_325' title='bbox 531 4215 585 4253; x_wconf 84' lang='lat' dir='ltr'><strong>non</strong></span> <span class='ocrx_word' id='word_1_326' title='bbox 603 4209 646 4255; x_wconf 82' lang='lat' dir='ltr'><strong>est</strong></span> <span class='ocrx_word' id='word_1_327' title='bbox 664 4201 692 4254; x_wconf 89' lang='lat' dir='ltr'><strong>in</strong></span> <span class='ocrx_word' id='word_1_328' title='bbox 710 4223 728 4269; x_wconf 80' lang='lat' dir='ltr'><em>y</em></span> <span class='ocrx_word' id='word_1_329' title='bbox 745 4213 893 4266; x_wconf 86' lang='lat' dir='ltr'><strong>mutatum,</strong></span> <span class='ocrx_word' id='word_1_330' title='bbox 920 4205 960 4261; x_wconf 85' lang='lat' dir='ltr'><strong>ito</strong></span> <span class='ocrx_word' id='word_1_331' title='bbox 983 4203 1056 4259; x_wconf 82' lang='lat' dir='ltr'><strong>adeo</strong></span> <span class='ocrx_word' id='word_1_332' title='bbox 1073 4201 1251 4272; x_wconf 73' lang='grc' dir='ltr'><strong><em>ἅνανγιλίνντν</em></strong></span> <span class='ocrx_word' id='word_1_333' title='bbox 1266 4200 1283 4252; x_wconf 84' lang='lat' dir='ltr'><strong>i.</strong></span> <span class='ocrx_word' id='word_1_334' title='bbox 1299 4211 1321 4247; x_wconf 76' lang='lat' dir='ltr'><strong>e·</strong></span> 
     </span>
     <span class='ocr_line' id='line_1_38' title="bbox 230 4284 1092 4364; baseline 0.013 -26"><span class='ocrx_word' id='word_1_335' title='bbox 230 4284 403 4355; x_wconf 72' lang='grc' dir='ltr'><strong>ἀναγνελοῦνι</strong></span> <span class='ocrx_word' id='word_1_336' title='bbox 421 4284 527 4354; x_wconf 79' lang='lat' dir='ltr'><strong>legitur</strong></span> <span class='ocrx_word' id='word_1_337' title='bbox 545 4289 575 4354; x_wconf 86' lang='grc' dir='ltr'><strong>Ι,</strong></span> <span class='ocrx_word' id='word_1_338' title='bbox 592 4292 641 4357; x_wconf 73' lang='lat'><strong>70,</strong></span> <span class='ocrx_word' id='word_1_339' title='bbox 660 4301 760 4345; x_wconf 84' lang='lat' dir='ltr'><strong>contra</strong></span> <span class='ocrx_word' id='word_1_340' title='bbox 778 4294 915 4364; x_wconf 70' lang='lat' dir='ltr'><strong>upotyyvoc</strong></span> <span class='ocrx_word' id='word_1_341' title='bbox 932 4302 961 4349; x_wconf 85' lang='lat' dir='ltr'><strong>et</strong></span> <span class='ocrx_word' id='word_1_342' title='bbox 977 4294 1092 4360; x_wconf 69' lang='grc' dir='ltr'><strong>Ιννκνντ.</strong></span> 
     </span>
    </p>
   </div>
   <div class='ocr_carea' id='block_1_5' title="bbox 0 0 1378 4818">
    <p class='ocr_par' dir='ltr' id='par_1_5' title="bbox 0 0 1378 4818">
     <span class='ocr_line' id='line_1_39' title="bbox 0 0 1378 4818; baseline 0 0"><span class='ocrx_word' id='word_1_343' title='bbox 0 0 1378 4818; x_wconf 95' lang='lat' dir='ltr'><strong> </strong></span> 
     </span>
    </p>
   </div>
  </div>
 </body>
</html>
