2716 4818
258 337 291 430 3.
317 337 378 413 26.
425 339 481 410 De
507 367 542 408 ro
569 351 604 410 ot
631 367 671 408 ιω
695 336 905 412 contractis.
1054 335 1136 414 209

5 511 6 582 l
56 541 170 632 quolam
192 535 355 627 &inorruit
377 538 567 608 derivarunt
599 539 732 606 aliunde
762 563 832 607 non
862 543 1007 632 cognito.
1063 545 1134 611 Nos

55 645 140 734 potios
167 644 363 728 ἅφορμίωντι
395 641 591 726 scribimus,
625 652 662 708 ut
682 643 723 708 ah
748 644 849 726 ὁρμέω
873 643 1074 712 duoatnr‘ef.
1099 649 1132 731 3.

55 747 91 824 37,
110 750 147 825 4,
181 747 279 812 etiam
310 743 472 810 sententia
502 743 679 827 suadente,
714 767 815 834 quum
840 737 904 811 sihi
927 763 1135 838 opponantur

53 850 150 928 μένοντί
168 873 200 912 τε
223 852 276 912 καὶ
299 846 511 929 ἇφορμίωντι,
548 845 738 911 manenti
768 860 805 914 et
835 848 1022 917 abeunti.
1067 852 1134 919 De·

54 950 111 1016 inde
130 949 385 1016 Tarentinorum
406 947 587 1012 seeundum
609 947 812 1037 Hesychium
835 963 885 1014 est
907 959 1136 1039 κλαυμαρι-

5 1061 7 1080 ²
53 1051 193 1132 όμενον,
228 1054 392 1125 κλαίοντα,
427 1048 515 1139 quod
536 1074 598 1140 pro
620 1051 892 1133 κλαυμαρούμενον
915 1076 1008 1135 esse,
1039 1055 1134 1121 docet

52 1177 172 1244 sequeus
197 1155 307 1243 glossa
331 1153 574 1237 κλαυμαρεῖται,
599 1155 715 1234 κλαίει,
738 1151 941 1220 ltaliotarum
962 1155 1049 1221 haud
1073 1158 1132 1224 du·

52 1255 92 1322 lie
116 1257 265 1342 ejusdem
295 1256 406 1345 glossa
435 1257 671 1340 παμωχίων,
708 1256 911 1338 κεκτημένος,
944 1255 1012 1321 vid.
1035 1258 1067 1342 3.
1093 1260 1133 1326 15

53 1360 142 1424 ootl
175 1370 208 1424 et
235 1357 269 1442 3
291 1359 355 1440 25,
377 1357 409 1422 3.
435 1356 467 1422 (l.
505 1395 546 1406 -
589 1355 720 1421 Deinde
749 1356 1001 1444 hueprrtinent
1023 1361 1133 1427 lutura

52 1471 195 1528 eontracta
216 1460 348 1526 Heraol.
373 1461 400 1536 l,
423 1457 467 1525 70
490 1457 692 1540 ἀνανγελίοντι
713 1446 775 1547 pro
798 1456 1018 1544 ἆναγγελοῦσι,
1043 1463 1071 1546 l,
1090 1465 1133 1530 84

54 1560 282 1646 ἀποκαθαρίοντι
310 1584 370 1651 pro
393 1559 658 1644 ἆποκαθαροῦσι,
695 1559 731 1639 Ι,
752 1557 795 1626 86
816 1561 1132 1649 ἕπικαταβαλῖοντιῖ)

56 1686 96 1750 pro
114 1666 393 1746 ἐπικαταβαλοῦσι.
440 1663 479 1727 ln
502 1661 624 1728 suturis
644 1659 837 1736 verborum,
870 1685 1007 1750 qnorum
1031 1666 1132 1756 stirps

58 1786 102 1829 uon
127 1765 195 1831 exit
227 1765 262 1829 in
300 1763 482 1854 liquidam,
519 1764 650 1829 tabulae
679 1763 918 1830 Heracleenses
952 1767 1128 1833 secundam

55 1867 263 1934 connectionis
291 1867 448 1932 rationem
485 1877 684 1957 sequuntur,
718 1864 786 1932 vid.
818 1889 869 1931 ur.
895 1867 927 1933 2.
959 1907 998 1917 -
1043 1869 1130 1934 Tum

52 1969 143 2036 erdem
165 1969 301 2036 mutatio
323 1969 512 2056 agnoscitur
534 1969 570 2032 in
590 1969 819 2051 ἔγΡηληθΙωντι
842 1967 972 2034 lleroel.
999 1971 1027 2054 l,
1055 1971 1130 2054 104,

52 2072 122 2155 quod
142 2084 192 2139 est
213 2096 274 2161 pro
296 2072 527 2149 ἑξειληθέωντι,
552 2071 738 2148 ἓξειληθῶσι
759 2069 799 2134 ab
817 2071 918 2148 εῖλέω,
942 2071 1009 2137 vid.
1027 2073 1058 2156 3.
1073 2075 1130 2150 2⁰,

51 2170 75 2234 li.
95 2215 130 2226 -
173 2173 365 2264 Singularis
387 2183 437 2238 ort
458 2171 621 2259 genitivus
647 2171 855 2255 Τιμοκράτιος
877 2173 906 2254 l,
931 2175 1005 2256 118,
1029 2199 1131 2266 quum

49 2287 196 2360 praeterea
220 2278 255 2345 iu
276 2278 336 2342 liae
357 2273 586 2341 terminatione
609 2297 623 2340 ε
645 2285 809 2350 servetur,
835 2275 898 2340 vid.
921 2276 1000 2344 iul'r.
1027 2301 1077 2342 nr.
1095 2280 1128 2348 4.

5 2445 6 2450 ,
48 2415 80 2428 —
116 2379 288 2446 Postremo
318 2375 592 2444 commemorandi
625 2388 702 2442 suut
723 2376 954 2464 pronominum
975 2403 1131 2468 persona·

5 2515 6 2518 =
48 2476 113 2544 lium
140 2481 281 2570 genitivi
310 2480 349 2544 ab
372 2475 553 2568 Apollonio
583 2475 813 2543 ollhinthoue
835 2479 1017 2547 Tarentino
1039 2482 1130 2548 allati

47 2579 117 2662 iulo,
149 2585 242 2665 ἐμίω,
277 2585 369 2662 ε’μΙως
398 2592 430 2647 ei
450 2581 522 2656 vlo,
560 2579 650 2653 τίως’,
686 2577 807 2666 quibus
837 2580 948 2648 simile
973 2593 1024 2646 esi
1051 2589 1128 2662 τιός,

6 2759 7 2770 ¹
47 2683 120 2766 quod
147 2686 235 2750 idem
257 2683 416 2750 Doricum
451 2681 549 2766 ‹licit3
591 2703 665 2746 uam
693 2692 826 2770 apparet
855 2707 911 2748 eas
940 2685 1062 2750 formas
1090 2709 1131 2752 ex

46 2781 121 2862 ἐμέο,
153 2789 242 2869 ἐμεός
264 2797 297 2854 et
318 2787 386 2862 τέο,
420 2786 487 2858 τέος
511 2794 602 2848 natas
626 2804 712 2858 esse.
770 2785 982 2863 Aeouratiora
1004 2787 1072 2855 rid.
1098 2793 1129 2872 ξ.

45 2883 99 2968 32,
118 2890 148 2955 2.

117 2991 206 3056 luter
230 2988 377 3056 Cretieos
407 2986 521 3055 titulos
551 2989 673 3055 similia
701 2990 998 3078 praebent'l'oerlus
1018 2993 1130 3060 Latio·
1233 3020 1238 3029 ·

44 3109 105 3154 rom
124 3104 156 3158 et
177 3090 387 3158 Olontiornm
410 3116 459 3157 ur.
472 3091 576 3172 2554,
599 3093 735 3176 lorum,
750 3103 795 3156 ut
816 3091 967 3174 videtur,
990 3092 1146 3160 dialecto

43 3211 144 3272 osum,
177 3206 210 3258 et
231 3193 359 3259 decreto
383 3192 598 3260 lstrouiorum
620 3218 671 3258 nr.
696 3194 799 3276 3048,
834 3191 1053 3282 Sybritiorum
1077 3222 1127 3263 nr.

41 3291 134 3378 3040,
156 3297 325 3362 Latiorum
347 3319 398 3360 nr.
418 3294 501 3362 3058
523 3304 555 3359 et
577 3297 716 3365 fortasse
740 3295 1055 3363 Eleutherooeorum
1076 3323 1127 3364 nr.

39 3392 126 3462 3047.
179 3398 354 3488 Leguntur
375 3395 464 3474 enim
486 3401 665 3479 κοσμιόντες
687 3397 781 3464 3049.
807 3397 913 3480 3058,
944 3399 1129 3482 ὁρμώμενοι

36 3539 310 3562 m

77 3637 102 3697 t)
135 3639 167 3694 ln
196 3655 262 3694 aere
288 3649 432 3694 exoratum
460 3641 581 3695 traditur
609 3639 845 3706 miserescimus,
880 3642 999 3694 barbare
1029 3641 1128 3707 forma,
1151 3633 1153 3640 ’

35 3737 114 3786 quam
132 3743 182 3796 pro
195 3725 275 3782 verbi
294 3725 488 3794 ἐπικαταβαίαω
509 3729 602 3781 sutoro
621 3728 768 3782 venditare
786 3743 840 3780 non
860 3728 1039 3781 erubuerunt
1069 3728 1128 3782 Nos

35 3823 70 3860 ea
92 3815 237 3870 mutatione
259 3815 315 3880 (ΛΙ
331 3831 384 3885 pro
401 3816 456 3876 N),
486 3828 558 3881 quoe
583 3815 665 3871 etiam
689 3816 718 3866 iu
743 3814 796 3866 hoc
819 3815 901 3868 titulo
919 3816 1128 3871 accuratissime

35 3894 82 3946 vel
98 3911 208 3954 exarato
228 3900 275 3960 vel
293 3916 429 3970 expresso
449 3901 548 3966 liceat,
577 3917 667 3971 oeque
687 3901 802 3968 linguae
821 3902 946 3954 Graecae
963 3912 992 3958 et
1010 3902 1127 3956 dialecti

34 3979 185 4040 italioricae
204 3983 317 4054 legibus
343 3989 530 4042 satisfacimus
555 3998 638 4056 etque
663 3986 818 4040 sententiae
844 3987 1021 4041 consulimus.
1065 3990 1128 4042 lam

32 4067 105 4120 enim
129 4075 166 4125 ln¹
180 4075 222 4128 rol
245 4073 401 4136 nolooivouoo
425 4074 657 4139 inrumpentium
679 4073 723 4124 nori
748 4071 901 4135 ζαμιωσόντι
928 4091 984 4126 vox
1001 4078 1128 4126 ἐπικατα·

28 4155 122 4220 βάλλω
138 4159 173 4238 (le
190 4161 302 4214 mulctis
321 4159 397 4216 dicta
423 4172 464 4215 est
488 4171 517 4215 ot
544 4160 628 4228 vulgo
650 4158 798 4225 ἐπιβάλλω,
826 4175 910 4228 quum
935 4161 1127 4226 ἐπικαταβαὲνω

31 4249 133 4296 temere
153 4262 203 4315 pro
222 4247 393 4319 ἐπεξέρχομαι
411 4247 516 4303 dictum
535 4263 596 4302 esse
615 4248 755 4304 credatur.
790 4279 793 4289 ·

80 4349 124 4418 ll·
888 4362 929 4428 14
