<?xml version="1.0" encoding="UTF-8"?>
<!DOCTYPE html PUBLIC "-//W3C//DTD XHTML 1.0 Transitional//EN"
    "http://www.w3.org/TR/xhtml1/DTD/xhtml1-transitional.dtd">
<html xmlns="http://www.w3.org/1999/xhtml" xml:lang="en" lang="en">
 <head>
  <title>
</title>
<meta http-equiv="Content-Type" content="text/html;charset=utf-8" />
  <meta name='ocr-system' content='tesseract 3.04.00' />
  <meta name='ocr-capabilities' content='ocr_page ocr_carea ocr_par ocr_line ocrx_word'/>
</head>
<body>
  <div class='ocr_page' id='page_1' title='image "./degraccaelingua02ahregoog_0499.png"; bbox 0 0 2742 4814; ppageno 0'>
   <div class='ocr_carea' id='block_1_1' title="bbox 275 1489 1041 1644">
    <p class='ocr_par' dir='ltr' id='par_1_1' title="bbox 275 1489 1041 1644">
     <span class='ocr_line' id='line_1_1' title="bbox 275 1489 1041 1644; baseline -0.012 -4"><span class='ocrx_word' id='word_1_1' title='bbox 275 1559 365 1644; x_wconf 80' lang='lat' dir='ltr'><strong>Ad</strong></span> <span class='ocrx_word' id='word_1_2' title='bbox 399 1557 630 1640; x_wconf 81' lang='lat' dir='ltr'><strong>Librum</strong></span> <span class='ocrx_word' id='word_1_3' title='bbox 661 1555 926 1637; x_wconf 83' lang='lat' dir='ltr'><strong>Primum.</strong></span> <span class='ocrx_word' id='word_1_4' title='bbox 1039 1489 1041 1496; x_wconf 23' lang='grc' dir='ltr'>Ι</span> 
     </span>
    </p>
   </div>
   <div class='ocr_carea' id='block_1_2' title="bbox 503 1815 692 1826">
    <p class='ocr_par' dir='ltr' id='par_1_2' title="bbox 503 1815 692 1826">
     <span class='ocr_line' id='line_1_2' title="bbox 503 1815 692 1826; baseline -0.005 -2"><span class='ocrx_word' id='word_1_5' title='bbox 503 1815 692 1826; x_wconf 53' lang='grc' dir='ltr'><strong>-ω-φ--μ-</strong></span> 
     </span>
    </p>
   </div>
   <div class='ocr_carea' id='block_1_3' title="bbox 23 2131 1153 4377">
    <p class='ocr_par' dir='ltr' id='par_1_3' title="bbox 43 2131 1151 2637">
     <span class='ocr_line' id='line_1_3' title="bbox 132 2131 1150 2229; baseline -0.006 -21"><span class='ocrx_word' id='word_1_6' title='bbox 132 2142 231 2229; x_wconf 74' lang='lat' dir='ltr'><strong>Pag.</strong></span> <span class='ocrx_word' id='word_1_7' title='bbox 255 2139 277 2206; x_wconf 99' lang='grc'><strong>6</strong></span> <span class='ocrx_word' id='word_1_8' title='bbox 305 2138 330 2205; x_wconf 85' lang='lat' dir='ltr'><strong>l.</strong></span> <span class='ocrx_word' id='word_1_9' title='bbox 355 2137 407 2204; x_wconf 92' lang='grc'><strong>16.</strong></span> <span class='ocrx_word' id='word_1_10' title='bbox 453 2135 610 2227; x_wconf 76' lang='lat' dir='ltr'><strong>Gregorii</strong></span> <span class='ocrx_word' id='word_1_11' title='bbox 632 2131 798 2200; x_wconf 85' lang='lat' dir='ltr'><strong>Corinthii</strong></span> <span class='ocrx_word' id='word_1_12' title='bbox 824 2131 977 2204; x_wconf 87' lang='lat' dir='ltr'><strong>libellum</strong></span> <span class='ocrx_word' id='word_1_13' title='bbox 1006 2134 1048 2202; x_wconf 88' lang='lat' dir='ltr'><strong>de</strong></span> <span class='ocrx_word' id='word_1_14' title='bbox 1069 2134 1150 2228; x_wconf 88' lang='lat' dir='ltr'><strong>Sap·</strong></span> 
     </span>
     <span class='ocr_line' id='line_1_4' title="bbox 46 2237 1150 2357; baseline -0.002 -49"><span class='ocrx_word' id='word_1_15' title='bbox 46 2243 171 2333; x_wconf 84' lang='lat' dir='ltr'><strong>phonis</strong></span> <span class='ocrx_word' id='word_1_16' title='bbox 193 2242 352 2320; x_wconf 78' lang='lat' dir='ltr'><strong>dialecto,</strong></span> <span class='ocrx_word' id='word_1_17' title='bbox 391 2263 490 2330; x_wconf 82' lang='lat' dir='ltr'><strong>quem</strong></span> <span class='ocrx_word' id='word_1_18' title='bbox 513 2237 745 2306; x_wconf 87' lang='lat' dir='ltr'><strong>Petzholdtius</strong></span> <span class='ocrx_word' id='word_1_19' title='bbox 767 2247 844 2357; x_wconf 89' lang='lat' dir='ltr'><strong>post</strong></span> <span class='ocrx_word' id='word_1_20' title='bbox 863 2237 1048 2328; x_wconf 80' lang='lat' dir='ltr'><strong>Aphthonii</strong></span> <span class='ocrx_word' id='word_1_21' title='bbox 1068 2240 1150 2306; x_wconf 91' lang='lat' dir='ltr'><strong>Pro·</strong></span> 
     </span>
     <span class='ocr_line' id='line_1_5' title="bbox 47 2312 1151 2437; baseline -0.004 -23"><span class='ocrx_word' id='word_1_22' title='bbox 47 2354 276 2437; x_wconf 73' lang='lat' dir='ltr'><strong>gymnasmrta</strong></span> <span class='ocrx_word' id='word_1_23' title='bbox 297 2369 326 2409; x_wconf 91' lang='lat' dir='ltr'><strong>a</strong></span> <span class='ocrx_word' id='word_1_24' title='bbox 353 2343 437 2433; x_wconf 78' lang='grc'>1839</span> <span class='ocrx_word' id='word_1_25' title='bbox 466 2341 591 2426; x_wconf 79' lang='lat' dir='ltr'><strong>edidit,</strong></span> <span class='ocrx_word' id='word_1_26' title='bbox 630 2339 684 2406; x_wconf 86' lang='lat' dir='ltr'><strong>his</strong></span> <span class='ocrx_word' id='word_1_27' title='bbox 706 2337 899 2407; x_wconf 85' lang='lat' dir='ltr'><strong>novissimis</strong></span> <span class='ocrx_word' id='word_1_28' title='bbox 920 2341 1017 2407; x_wconf 89' lang='lat' dir='ltr'><strong>annis</strong></span> <span class='ocrx_word' id='word_1_29' title='bbox 1039 2312 1151 2432; x_wconf 84' lang='lat' dir='ltr'><strong>inepta</strong></span> 
     </span>
     <span class='ocr_line' id='line_1_6' title="bbox 43 2439 1151 2514; baseline -0.001 -2"><span class='ocrx_word' id='word_1_30' title='bbox 43 2447 165 2514; x_wconf 82' lang='lat' dir='ltr'><strong>fraude</strong></span> <span class='ocrx_word' id='word_1_31' title='bbox 196 2446 310 2512; x_wconf 77' lang='lat' dir='ltr'><strong>{ictum</strong></span> <span class='ocrx_word' id='word_1_32' title='bbox 341 2468 416 2512; x_wconf 85' lang='lat' dir='ltr'><strong>esse</strong></span> <span class='ocrx_word' id='word_1_33' title='bbox 450 2443 786 2511; x_wconf 85' lang='lat' dir='ltr'><strong>demonstravimus</strong></span> <span class='ocrx_word' id='word_1_34' title='bbox 775 2465 813 2508; x_wconf 89' lang='grc' dir='ltr'><strong>ιιι</strong></span> <span class='ocrx_word' id='word_1_35' title='bbox 840 2439 957 2509; x_wconf 86' lang='lat' dir='ltr'><strong>Museo</strong></span> <span class='ocrx_word' id='word_1_36' title='bbox 987 2442 1151 2512; x_wconf 86' lang='lat' dir='ltr'><strong>Rhenano</strong></span> 
     </span>
     <span class='ocr_line' id='line_1_7' title="bbox 43 2548 424 2637; baseline -0.018 -19"><span class='ocrx_word' id='word_1_37' title='bbox 43 2549 143 2618; x_wconf 81' lang='lat' dir='ltr'><strong>Novo</strong></span> <span class='ocrx_word' id='word_1_38' title='bbox 165 2548 424 2637; x_wconf 81' lang='lat' dir='ltr'><strong>v01.1p.274.</strong></span> 
     </span>
    </p>

    <p class='ocr_par' dir='ltr' id='par_1_4' title="bbox 23 2645 1153 4377">
     <span class='ocr_line' id='line_1_8' title="bbox 133 2645 1151 2738; baseline 0.003 -24"><span class='ocrx_word' id='word_1_39' title='bbox 133 2651 232 2738; x_wconf 75' lang='lat' dir='ltr'><strong>Pag.</strong></span> <span class='ocrx_word' id='word_1_40' title='bbox 256 2650 289 2714; x_wconf 93' lang='grc'><strong>7.</strong></span> <span class='ocrx_word' id='word_1_41' title='bbox 346 2647 525 2714; x_wconf 80' lang='lat' dir='ltr'>Decretum</span> <span class='ocrx_word' id='word_1_42' title='bbox 548 2645 767 2715; x_wconf 79' lang='lat' dir='ltr'><strong>Cumanorum</strong></span> <span class='ocrx_word' id='word_1_43' title='bbox 787 2648 825 2714; x_wconf 91' lang='lat' dir='ltr'><strong>in</strong></span> <span class='ocrx_word' id='word_1_44' title='bbox 848 2646 1007 2737; x_wconf 79' lang='lat' dir='ltr'><strong>Corporis</strong></span> <span class='ocrx_word' id='word_1_45' title='bbox 1028 2647 1151 2717; x_wconf 86' lang='lat' dir='ltr'><strong>luseri-</strong></span> 
     </span>
     <span class='ocr_line' id='line_1_9' title="bbox 37 2747 1150 2845; baseline 0.002 -27"><span class='ocrx_word' id='word_1_46' title='bbox 37 2754 200 2845; x_wconf 86' lang='lat' dir='ltr'><strong>ptionum</strong></span> <span class='ocrx_word' id='word_1_47' title='bbox 221 2749 382 2817; x_wconf 79' lang='lat' dir='ltr'><strong>fasciculo</strong></span> <span class='ocrx_word' id='word_1_48' title='bbox 403 2747 501 2815; x_wconf 87' lang='lat' dir='ltr'><strong>tertio</strong></span> <span class='ocrx_word' id='word_1_49' title='bbox 521 2749 708 2817; x_wconf 73' lang='lat' dir='ltr'><strong>etiamnunc</strong></span> <span class='ocrx_word' id='word_1_50' title='bbox 730 2750 913 2818; x_wconf 85' lang='lat' dir='ltr'><strong>desiderato</strong></span> <span class='ocrx_word' id='word_1_51' title='bbox 941 2749 1072 2841; x_wconf 79' lang='lat' dir='ltr'><strong>legetur</strong></span> <span class='ocrx_word' id='word_1_52' title='bbox 1097 2777 1150 2820; x_wconf 91' lang='lat' dir='ltr'><strong>nr.</strong></span> 
     </span>
     <span class='ocr_line' id='line_1_10' title="bbox 38 2850 1151 2943; baseline 0 -20"><span class='ocrx_word' id='word_1_53' title='bbox 38 2854 156 2936; x_wconf 73' lang='lat'><strong>3524,</strong></span> <span class='ocrx_word' id='word_1_54' title='bbox 189 2850 308 2918; x_wconf 83' lang='lat' dir='ltr'><strong>titulus</strong></span> <span class='ocrx_word' id='word_1_55' title='bbox 330 2852 577 2943; x_wconf 78' lang='lat' dir='ltr'><strong>Lampsacenus</strong></span> <span class='ocrx_word' id='word_1_56' title='bbox 600 2850 725 2920; x_wconf 84' lang='lat' dir='ltr'>ibidem</span> <span class='ocrx_word' id='word_1_57' title='bbox 746 2877 799 2936; x_wconf 83' lang='lat' dir='ltr'><strong>nr.</strong></span> <span class='ocrx_word' id='word_1_58' title='bbox 824 2852 928 2938; x_wconf 83' lang='grc'><strong>3646,</strong></span> <span class='ocrx_word' id='word_1_59' title='bbox 963 2852 1042 2922; x_wconf 88' lang='lat' dir='ltr'><strong>item</strong></span> <span class='ocrx_word' id='word_1_60' title='bbox 1065 2854 1151 2923; x_wconf 90' lang='lat' dir='ltr'><strong>alins</strong></span> 
     </span>
     <span class='ocr_line' id='line_1_11' title="bbox 37 2949 1151 3025; baseline 0.001 -1"><span class='ocrx_word' id='word_1_61' title='bbox 37 2957 167 3024; x_wconf 87' lang='lat' dir='ltr'><strong>titulus</strong></span> <span class='ocrx_word' id='word_1_62' title='bbox 190 2953 356 3022; x_wconf 85' lang='lat' dir='ltr'><strong>Cumaeos</strong></span> <span class='ocrx_word' id='word_1_63' title='bbox 378 2979 430 3021; x_wconf 91' lang='lat' dir='ltr'><strong>nr.</strong></span> <span class='ocrx_word' id='word_1_64' title='bbox 449 2951 547 3022; x_wconf 76' lang='lat'><strong>3523.</strong></span> <span class='ocrx_word' id='word_1_65' title='bbox 593 2952 734 3022; x_wconf 84' lang='lat' dir='ltr'><strong>Duobus</strong></span> <span class='ocrx_word' id='word_1_66' title='bbox 756 2955 877 3023; x_wconf 83' lang='lat' dir='ltr'><strong>abhinc</strong></span> <span class='ocrx_word' id='word_1_67' title='bbox 898 2955 995 3024; x_wconf 87' lang='lat' dir='ltr'><strong>aunis</strong></span> <span class='ocrx_word' id='word_1_68' title='bbox 1016 2949 1151 3025; x_wconf 76' lang='lat' dir='ltr'><strong>Franzii</strong></span> 
     </span>
     <span class='ocr_line' id='line_1_12' title="bbox 37 3054 1152 3151; baseline 0 -24"><span class='ocrx_word' id='word_1_69' title='bbox 37 3056 156 3127; x_wconf 83' lang='lat' dir='ltr'><strong>nostri</strong></span> <span class='ocrx_word' id='word_1_70' title='bbox 177 3054 339 3124; x_wconf 84' lang='lat' dir='ltr'><strong>beneficio</strong></span> <span class='ocrx_word' id='word_1_71' title='bbox 354 3057 507 3149; x_wconf 75' lang='lat' dir='ltr'><strong>plagulas</strong></span> <span class='ocrx_word' id='word_1_72' title='bbox 528 3067 598 3123; x_wconf 84' lang='lat' dir='ltr'><strong>tum</strong></span> <span class='ocrx_word' id='word_1_73' title='bbox 618 3058 797 3151; x_wconf 89' lang='lat' dir='ltr'><strong>impressas</strong></span> <span class='ocrx_word' id='word_1_74' title='bbox 815 3057 967 3126; x_wconf 89' lang='lat' dir='ltr'><strong>Berolini</strong></span> <span class='ocrx_word' id='word_1_75' title='bbox 987 3057 1152 3150; x_wconf 84' lang='lat' dir='ltr'><strong>inspicere</strong></span> 
     </span>
     <span class='ocr_line' id='line_1_13' title="bbox 36 3159 1153 3248; baseline 0 -20"><span class='ocrx_word' id='word_1_76' title='bbox 36 3160 147 3228; x_wconf 85' lang='lat' dir='ltr'><strong>nobis</strong></span> <span class='ocrx_word' id='word_1_77' title='bbox 178 3159 329 3248; x_wconf 73' lang='lat' dir='ltr'><strong>contigit.</strong></span> <span class='ocrx_word' id='word_1_78' title='bbox 388 3159 563 3227; x_wconf 84' lang='lat' dir='ltr'><strong>Praeterea</strong></span> <span class='ocrx_word' id='word_1_79' title='bbox 592 3162 733 3228; x_wconf 87' lang='lat' dir='ltr'><strong>accessit</strong></span> <span class='ocrx_word' id='word_1_80' title='bbox 760 3159 878 3226; x_wconf 90' lang='lat' dir='ltr'><strong>titulus</strong></span> <span class='ocrx_word' id='word_1_81' title='bbox 906 3160 1050 3227; x_wconf 85' lang='lat' dir='ltr'><strong>Lesbius</strong></span> <span class='ocrx_word' id='word_1_82' title='bbox 1071 3161 1153 3230; x_wconf 85' lang='lat' dir='ltr'><strong>Deli</strong></span> 
     </span>
     <span class='ocr_line' id='line_1_14' title="bbox 35 3259 1152 3355; baseline -0.001 -23"><span class='ocrx_word' id='word_1_83' title='bbox 35 3264 176 3355; x_wconf 76' lang='lat' dir='ltr'><strong>positus</strong></span> <span class='ocrx_word' id='word_1_84' title='bbox 199 3263 234 3328; x_wconf 92' lang='lat' dir='ltr'><strong>in</strong></span> <span class='ocrx_word' id='word_1_85' title='bbox 249 3263 451 3347; x_wconf 75' lang='lat' dir='ltr'><strong>Expedition</strong></span> <span class='ocrx_word' id='word_1_86' title='bbox 468 3265 678 3349; x_wconf 77' lang='lat' dir='ltr'><strong>Scientifique</strong></span> <span class='ocrx_word' id='word_1_87' title='bbox 699 3264 739 3327; x_wconf 85' lang='lat' dir='ltr'><strong>de</strong></span> <span class='ocrx_word' id='word_1_88' title='bbox 755 3265 866 3328; x_wconf 76' lang='lat' dir='ltr'><strong>Morte</strong></span> <span class='ocrx_word' id='word_1_89' title='bbox 884 3259 964 3327; x_wconf 87' lang='lat' dir='ltr'><strong>Vol.</strong></span> <span class='ocrx_word' id='word_1_90' title='bbox 978 3263 1029 3328; x_wconf 95' lang='lat'><strong>111</strong></span> <span class='ocrx_word' id='word_1_91' title='bbox 1049 3263 1097 3351; x_wconf 92' lang='lat' dir='ltr'><strong>pl.</strong></span> <span class='ocrx_word' id='word_1_92' title='bbox 1110 3264 1152 3332; x_wconf 77' lang='lat'><strong>12</strong></span> 
     </span>
     <span class='ocr_line' id='line_1_15' title="bbox 35 3361 1151 3450; baseline -0.007 -14"><span class='ocrx_word' id='word_1_93' title='bbox 35 3379 72 3436; x_wconf 91' lang='lat' dir='ltr'><strong>et</strong></span> <span class='ocrx_word' id='word_1_94' title='bbox 86 3365 233 3433; x_wconf 85' lang='lat' dir='ltr'><strong>Lebasii</strong></span> <span class='ocrx_word' id='word_1_95' title='bbox 248 3369 463 3448; x_wconf 76' lang='lat' dir='ltr'><strong>inscriptions</strong></span> <span class='ocrx_word' id='word_1_96' title='bbox 480 3367 644 3450; x_wconf 80' lang='lat' dir='ltr'><strong>Grecqoes</strong></span> <span class='ocrx_word' id='word_1_97' title='bbox 659 3373 693 3429; x_wconf 85' lang='lat' dir='ltr'><strong>et</strong></span> <span class='ocrx_word' id='word_1_98' title='bbox 704 3365 840 3430; x_wconf 78' lang='lat' dir='ltr'><strong>Latinos</strong></span> <span class='ocrx_word' id='word_1_99' title='bbox 860 3361 994 3430; x_wconf 81' lang='lat' dir='ltr'><strong>Fasc.V</strong></span> <span class='ocrx_word' id='word_1_100' title='bbox 1008 3387 1061 3429; x_wconf 86' lang='lat' dir='ltr'><strong>nr.</strong></span> <span class='ocrx_word' id='word_1_101' title='bbox 1075 3362 1151 3448; x_wconf 85' lang='grc'>191,</span> 
     </span>
     <span class='ocr_line' id='line_1_16' title="bbox 34 3464 1151 3559; baseline -0.002 -25"><span class='ocrx_word' id='word_1_102' title='bbox 34 3491 146 3559; x_wconf 86' lang='lat' dir='ltr'><strong>quem</strong></span> <span class='ocrx_word' id='word_1_103' title='bbox 176 3478 250 3533; x_wconf 84' lang='lat' dir='ltr'><strong>autc</strong></span> <span class='ocrx_word' id='word_1_104' title='bbox 281 3490 312 3532; x_wconf 92' lang='lat' dir='ltr'><strong>a.</strong></span> <span class='ocrx_word' id='word_1_105' title='bbox 337 3466 400 3533; x_wconf 89' lang='grc'><strong>167</strong></span> <span class='ocrx_word' id='word_1_106' title='bbox 429 3491 460 3531; x_wconf 86' lang='lat' dir='ltr'><strong>a.</strong></span> <span class='ocrx_word' id='word_1_107' title='bbox 485 3467 565 3531; x_wconf 86' lang='lat' dir='ltr'><strong>Chr.</strong></span> <span class='ocrx_word' id='word_1_108' title='bbox 596 3464 741 3531; x_wconf 86' lang='lat' dir='ltr'><strong>incisum</strong></span> <span class='ocrx_word' id='word_1_109' title='bbox 769 3487 844 3532; x_wconf 85' lang='lat' dir='ltr'><strong>esse</strong></span> <span class='ocrx_word' id='word_1_110' title='bbox 873 3464 980 3532; x_wconf 80' lang='lat' dir='ltr'><strong>editor</strong></span> <span class='ocrx_word' id='word_1_111' title='bbox 1006 3465 1151 3533; x_wconf 81' lang='lat' dir='ltr'><strong>Franco·</strong></span> 
     </span>
     <span class='ocr_line' id='line_1_17' title="bbox 31 3566 1151 3661; baseline -0.003 -24"><span class='ocrx_word' id='word_1_112' title='bbox 31 3571 158 3661; x_wconf 76' lang='lat' dir='ltr'><strong>gallus</strong></span> <span class='ocrx_word' id='word_1_113' title='bbox 188 3592 229 3634; x_wconf 85' lang='lat' dir='ltr'><strong>ex</strong></span> <span class='ocrx_word' id='word_1_114' title='bbox 255 3567 413 3636; x_wconf 85' lang='lat' dir='ltr'><strong>Antissae</strong></span> <span class='ocrx_word' id='word_1_115' title='bbox 443 3566 651 3657; x_wconf 89' lang='lat' dir='ltr'><strong>potissimum</strong></span> <span class='ocrx_word' id='word_1_116' title='bbox 683 3566 818 3635; x_wconf 88' lang='lat' dir='ltr'><strong>nomine</strong></span> <span class='ocrx_word' id='word_1_117' title='bbox 849 3568 1007 3658; x_wconf 72' lang='lat' dir='ltr'><strong>collegit,</strong></span> <span class='ocrx_word' id='word_1_118' title='bbox 1048 3591 1151 3658; x_wconf 86' lang='lat' dir='ltr'><strong>quum</strong></span> 
     </span>
     <span class='ocr_line' id='line_1_18' title="bbox 31 3669 1152 3762; baseline -0.001 -24"><span class='ocrx_word' id='word_1_119' title='bbox 31 3671 206 3762; x_wconf 90' lang='lat' dir='ltr'><strong>oppidum</strong></span> <span class='ocrx_word' id='word_1_120' title='bbox 227 3669 313 3738; x_wconf 88' lang='lat' dir='ltr'><strong>illud</strong></span> <span class='ocrx_word' id='word_1_121' title='bbox 343 3694 383 3738; x_wconf 92' lang='lat' dir='ltr'><strong>eo</strong></span> <span class='ocrx_word' id='word_1_122' title='bbox 411 3693 500 3736; x_wconf 91' lang='lat' dir='ltr'><strong>anno</strong></span> <span class='ocrx_word' id='word_1_123' title='bbox 521 3694 540 3734; x_wconf 91' lang='lat' dir='ltr'><strong>a</strong></span> <span class='ocrx_word' id='word_1_124' title='bbox 562 3669 722 3737; x_wconf 86' lang='lat' dir='ltr'><strong>Romanis</strong></span> <span class='ocrx_word' id='word_1_125' title='bbox 744 3669 888 3738; x_wconf 87' lang='lat' dir='ltr'><strong>dirutum</strong></span> <span class='ocrx_word' id='word_1_126' title='bbox 910 3670 954 3737; x_wconf 89' lang='lat' dir='ltr'><strong>sit</strong></span> <span class='ocrx_word' id='word_1_127' title='bbox 974 3669 1074 3738; x_wconf 84' lang='lat' dir='ltr'><strong>Livio</strong></span> <span class='ocrx_word' id='word_1_128' title='bbox 1094 3694 1152 3737; x_wconf 87' lang='lat' dir='ltr'><strong>au·</strong></span> 
     </span>
     <span class='ocr_line' id='line_1_19' title="bbox 29 3769 1151 3863; baseline 0 -21"><span class='ocrx_word' id='word_1_129' title='bbox 29 3786 138 3842; x_wconf 88' lang='lat' dir='ltr'><strong>ctore</strong></span> <span class='ocrx_word' id='word_1_130' title='bbox 160 3773 203 3839; x_wconf 92' lang='lat' dir='ltr'><strong>L.</strong></span> <span class='ocrx_word' id='word_1_131' title='bbox 226 3771 325 3838; x_wconf 87' lang='lat' dir='ltr'><strong>XLV</strong></span> <span class='ocrx_word' id='word_1_132' title='bbox 353 3795 384 3840; x_wconf 84' lang='lat' dir='ltr'><strong>e.</strong></span> <span class='ocrx_word' id='word_1_133' title='bbox 409 3770 463 3839; x_wconf 88' lang='lat'><strong>31.</strong></span> <span class='ocrx_word' id='word_1_134' title='bbox 515 3769 633 3863; x_wconf 84' lang='lat' dir='ltr'><strong>Neque</strong></span> <span class='ocrx_word' id='word_1_135' title='bbox 655 3772 741 3839; x_wconf 89' lang='lat' dir='ltr'><strong>male</strong></span> <span class='ocrx_word' id='word_1_136' title='bbox 761 3772 803 3839; x_wconf 92' lang='lat' dir='ltr'><strong>ad</strong></span> <span class='ocrx_word' id='word_1_137' title='bbox 825 3771 959 3840; x_wconf 90' lang='lat' dir='ltr'><strong>tertium</strong></span> <span class='ocrx_word' id='word_1_138' title='bbox 982 3772 1151 3842; x_wconf 87' lang='lat' dir='ltr'><strong>saeculum</strong></span> 
     </span>
     <span class='ocr_line' id='line_1_20' title="bbox 27 3873 1151 3966; baseline -0.003 -19"><span class='ocrx_word' id='word_1_139' title='bbox 27 3877 165 3946; x_wconf 80' lang='lat' dir='ltr'><strong>referri</strong></span> <span class='ocrx_word' id='word_1_140' title='bbox 196 3875 347 3959; x_wconf 86' lang='lat' dir='ltr'><strong>videtur,</strong></span> <span class='ocrx_word' id='word_1_141' title='bbox 381 3897 567 3966; x_wconf 85' lang='lat' dir='ltr'><strong>quanquam</strong></span> <span class='ocrx_word' id='word_1_142' title='bbox 597 3874 739 3942; x_wconf 75' lang='lat' dir='ltr'><strong>Antissa</strong></span> <span class='ocrx_word' id='word_1_143' title='bbox 772 3873 907 3966; x_wconf 90' lang='lat' dir='ltr'><strong>quidem</strong></span> <span class='ocrx_word' id='word_1_144' title='bbox 938 3899 958 3940; x_wconf 86' lang='lat' dir='ltr'><strong>a</strong></span> <span class='ocrx_word' id='word_1_145' title='bbox 988 3874 1151 3944; x_wconf 75' lang='lat' dir='ltr'><strong>sumone</strong></span> 
     </span>
     <span class='ocr_line' id='line_1_21' title="bbox 25 3975 1150 4068; baseline -0.005 -18"><span class='ocrx_word' id='word_1_146' title='bbox 25 3984 79 4050; x_wconf 91' lang='lat' dir='ltr'><strong>L.</strong></span> <span class='ocrx_word' id='word_1_147' title='bbox 108 3977 201 4046; x_wconf 88' lang='lat' dir='ltr'>x111</span> <span class='ocrx_word' id='word_1_148' title='bbox 229 4002 263 4067; x_wconf 94' lang='lat' dir='ltr'><strong>p.</strong></span> <span class='ocrx_word' id='word_1_149' title='bbox 287 3975 351 4044; x_wconf 93' lang='grc'><strong>919</strong></span> <span class='ocrx_word' id='word_1_150' title='bbox 378 3986 416 4042; x_wconf 92' lang='lat' dir='ltr'><strong>ut</strong></span> <span class='ocrx_word' id='word_1_151' title='bbox 445 3988 612 4068; x_wconf 83' lang='lat' dir='ltr'><strong>superstes</strong></span> <span class='ocrx_word' id='word_1_152' title='bbox 641 3987 925 4046; x_wconf 86' lang='lat' dir='ltr'><strong>commemoratur.</strong></span> <span class='ocrx_word' id='word_1_153' title='bbox 976 3977 1088 4064; x_wconf 79' lang='lat' dir='ltr'><strong>Quum</strong></span> <span class='ocrx_word' id='word_1_154' title='bbox 1108 3978 1150 4044; x_wconf 92' lang='lat' dir='ltr'><strong>ti·</strong></span> 
     </span>
     <span class='ocr_line' id='line_1_22' title="bbox 27 4079 1148 4172; baseline -0.001 -23"><span class='ocrx_word' id='word_1_155' title='bbox 27 4084 161 4166; x_wconf 87' lang='lat' dir='ltr'><strong>tulus,</strong></span> <span class='ocrx_word' id='word_1_156' title='bbox 195 4101 382 4170; x_wconf 89' lang='lat' dir='ltr'><strong>quanquam</strong></span> <span class='ocrx_word' id='word_1_157' title='bbox 409 4079 546 4146; x_wconf 86' lang='lat' dir='ltr'><strong>mutilus</strong></span> <span class='ocrx_word' id='word_1_158' title='bbox 576 4091 609 4146; x_wconf 90' lang='lat' dir='ltr'><strong>et</strong></span> <span class='ocrx_word' id='word_1_159' title='bbox 637 4091 834 4172; x_wconf 88' lang='lat' dir='ltr'><strong>corruptus,</strong></span> <span class='ocrx_word' id='word_1_160' title='bbox 867 4091 977 4148; x_wconf 86' lang='lat' dir='ltr'><strong>tamen</strong></span> <span class='ocrx_word' id='word_1_161' title='bbox 1004 4081 1148 4170; x_wconf 87' lang='lat' dir='ltr'><strong>alicujus</strong></span> 
     </span>
     <span class='ocr_line' id='line_1_23' title="bbox 23 4179 1149 4277; baseline -0.001 -26"><span class='ocrx_word' id='word_1_162' title='bbox 23 4181 146 4277; x_wconf 83' lang='lat' dir='ltr'><strong>pretii</strong></span> <span class='ocrx_word' id='word_1_163' title='bbox 179 4183 224 4248; x_wconf 88' lang='lat' dir='ltr'><strong>sit</strong></span> <span class='ocrx_word' id='word_1_164' title='bbox 256 4180 400 4247; x_wconf 86' lang='lat' dir='ltr'><strong>necdum</strong></span> <span class='ocrx_word' id='word_1_165' title='bbox 433 4203 451 4246; x_wconf 90' lang='lat' dir='ltr'><strong>a</strong></span> <span class='ocrx_word' id='word_1_166' title='bbox 484 4181 630 4250; x_wconf 87' lang='lat' dir='ltr'><strong>Lehasio</strong></span> <span class='ocrx_word' id='word_1_167' title='bbox 668 4183 747 4250; x_wconf 78' lang='lat' dir='ltr'><strong>sctis</strong></span> <span class='ocrx_word' id='word_1_168' title='bbox 782 4179 954 4250; x_wconf 88' lang='lat' dir='ltr'><strong>restitutus</strong></span> <span class='ocrx_word' id='word_1_169' title='bbox 986 4182 1149 4270; x_wconf 87' lang='lat' dir='ltr'><strong>videatur,</strong></span> 
     </span>
     <span class='ocr_line' id='line_1_24' title="bbox 24 4282 1062 4377; baseline -0.002 -21"><span class='ocrx_word' id='word_1_170' title='bbox 24 4283 323 4369; x_wconf 82' lang='lat' dir='ltr'><strong>emendatiorem,</strong></span> <span class='ocrx_word' id='word_1_171' title='bbox 360 4291 517 4374; x_wconf 78' lang='lat' dir='ltr'><strong>quantum</strong></span> <span class='ocrx_word' id='word_1_172' title='bbox 538 4282 722 4370; x_wconf 85' lang='lat' dir='ltr'><strong>valuimus,</strong></span> <span class='ocrx_word' id='word_1_173' title='bbox 757 4308 921 4377; x_wconf 86' lang='lat' dir='ltr'><strong>apponere</strong></span> <span class='ocrx_word' id='word_1_174' title='bbox 943 4284 1062 4375; x_wconf 87' lang='lat' dir='ltr'><strong>placet.</strong></span> 
     </span>
    </p>
   </div>
   <div class='ocr_carea' id='block_1_4' title="bbox 0 0 1376 4814">
    <p class='ocr_par' dir='ltr' id='par_1_5' title="bbox 0 0 1376 4814">
     <span class='ocr_line' id='line_1_25' title="bbox 0 0 1376 4814; baseline 0 5"><span class='ocrx_word' id='word_1_175' title='bbox 0 0 1376 4814; x_wconf 95' lang='lat' dir='ltr'><strong> </strong></span> 
     </span>
    </p>
   </div>
  </div>
 </body>
</html>
