2746 4818
371 343 403 436 h.
427 292 490 423 dh.
542 343 658 420 Varie
684 343 872 441 quaedam.
1095 347 1171 428 ³91

71 545 113 612 ir.
127 545 183 612 92.
196 544 239 612 93
260 555 293 610 et
314 545 349 610 in
372 546 562 614 Aristotelis
582 546 694 612 vcrhis
716 545 757 612 dc
779 545 1036 616 Terentiuorum
1056 547 1171 636 politia

70 647 254 738 loquentis.
299 651 346 714 At
372 649 461 738 apud
481 648 715 739 Epicharmium
744 658 884 718 metrum
910 647 1050 738 primam
1072 651 1171 738 sylla-

69 750 144 816 hnm
167 749 300 816 hreuem
317 751 486 838 ,postulatu
521 763 688 840 praeterea
709 749 894 820 rectissime
915 751 1042 839 antiqui
1065 777 1171 842 grom-

70 851 184 918 matiei
205 853 460 936 intellexerunt,
496 875 609 920 vocem
631 852 761 942 origine
782 853 941 920 Graecum
963 875 1037 920 esse
1058 866 1096 920 ut
1115 855 1172 921 νό-

70 979 171 1038 μισμα
193 965 226 1020 et
248 954 419 1024 elia-nocis
441 955 581 1024 coloniis
601 955 645 1023 ad
659 954 826 1024 Romanos
845 955 1013 1044 perlatum.
1059 955 1171 1041 Quare

72 1080 139 1124 uon
170 1057 378 1142 dubitamus,
408 1057 489 1149 quin
510 1057 711 1124 Aristoteles
732 1080 865 1147 quoqne
886 1056 981 1139 adnuo
1001 1059 1172 1150 scripserit

71 1174 105 1226 ct
126 1161 228 1226 altera
251 1159 413 1250 scripturn
433 1159 661 1228 recentissimo
683 1159 812 1229 demum
831 1170 976 1249 tempore
989 1184 1009 1226 e
1023 1161 1171 1230 Romane

69 1263 186 1350 lingna
206 1263 281 1328 hott
304 1263 365 1346 sit,
388 1287 575 1353 quanquam
589 1262 777 1332 Beothius
798 1263 883 1328 hano
904 1286 972 1330 uon
993 1263 1169 1344 damnavit,

70 1365 206 1455 egregie
227 1365 263 1430 iu
284 1365 425 1455 reliquis
449 1365 489 1432 de
504 1366 586 1449 νόμῳ
599 1367 773 1456 disputans
788 1363 824 1430 iu
838 1362 1011 1457 Disquiss.
1021 1364 1169 1436 Metron.

157 1571 271 1653 λίτρα
294 1568 524 1666 Siceliotarnm
553 1580 604 1636 est
630 1591 691 1658 pro
719 1567 942 1660 Romanorum
968 1570 1103 1655 libra,
1137 1582 1172 1638 et

69 1674 202 1764 pondus
231 1687 265 1739 et
292 1695 447 1738 nummus
469 1669 525 1756 ¹¹).
570 1670 713 1761 Legitur
730 1670 769 1738 iu
791 1669 899 1738 titulis
920 1671 1171 1740 Tauromenita·

68 1778 145 1860 nis,
166 1776 288 1868 Epich.
303 1774 336 1840 5.
352 1774 374 1840 6
393 1786 427 1842 et
449 1773 569 1863 Sophr.
583 1774 643 1854 26,
667 1783 834 1862 practerea
856 1772 942 1861 apud
965 1771 1171 1846 Simonidem

68 1881 113 1946 l'r.
139 1878 209 1945 196.
223 1877 261 1942 ia
284 1875 425 1970 tripodis
446 1901 465 1941 e
487 1875 614 1942 Gelone
643 1874 785 1942 dedicati
814 1873 1030 1965 inscriptione
1056 1887 1089 1944 ct
1116 1901 1170 1944 eo·

67 1982 176 2048 mices
196 1978 330 2046 Atticos
358 1980 588 2048 Philemonem
617 1987 674 2042 aut
701 1976 876 2067 Diphilum
903 1976 940 2043 in
967 1976 1111 2046 Sicelico
1138 1990 1172 2046 et

67 2083 289 2172 Posidippum
311 2081 348 2146 iu
369 2081 506 2148 Galatea
526 2080 627 2159 (Poll.
651 2079 715 2164 lv,
739 2078 802 2146 175
824 2088 858 2145 et
879 2079 955 2162 lx,
975 2080 1054 2164 81),
1086 2105 1171 2173 quae

67 2187 202 2254 lohulne
223 2185 265 2251 nd
285 2206 339 2250 ree
361 2181 492 2250 Siculos
513 2182 733 2272 pertinebant.
792 2181 983 2272 Composita
1004 2194 1082 2249 aunt
1101 2186 1170 2265 ἡμὶ-

68 2297 175 2374 impos
190 2283 218 2374 ⁶)
247 2285 317 2352 sive
343 2287 535 2370 ἡμιλίτριον,
570 2308 654 2375 quae
683 2285 787 2352 forma
816 2308 857 2350 ex
877 2284 1069 2375 Epicharmi
1091 2284 1170 2353 chi·

67 2415 150 2458 rone
172 2390 306 2454 affertur
320 2390 348 2466 ⁶)
369 2398 403 2454 et
423 2387 520 2454 metri
542 2387 645 2475 gratie
666 2387 817 2454 restituta
838 2398 888 2454 est
910 2388 1030 2478 Epich.
1056 2388 1075 2455 5
1082 2407 1100 2472 ,'
1125 2392 1170 2454 dc·

67 2493 216 2574 κάλιτρον
230 2489 279 2575 ⁷),
320 2513 386 2579 quo
416 2500 553 2556 utuntur
583 2486 802 2578 Epicharmus
829 2489 872 2554 l'r.
902 2487 924 2554 6
954 2501 988 2556 ct
1016 2489 1170 2580 Sophron

67 2597 112 2662 fr.
134 2593 199 2675 6⁰,
228 2591 540 2673 πενιηκοντάληρον,
573 2615 639 2680 qno
668 2590 803 2658 nomine
828 2600 913 2656 teste
935 2591 1083 2658 Diodoro
1104 2593 1170 2676 xl,

65 2696 112 2764 26
128 2693 307 2762 Siceliotae
321 2718 491 2760 nummum
502 2693 727 2760 Damni-etium
741 2691 950 2781 appellabant
967 2694 1012 2760 cl'.
1023 2693 1169 2761 Bocchh.

65 2824 101 2890 p.
115 2797 199 2881 305,
222 2806 390 2888 practerea
412 2797 453 2864 de
474 2794 619 2885 pondere
641 2794 840 2881 adjectivum
860 2793 1169 2883 τετρωκοντάλιτρος,

66 2925 138 2994 qno
161 2899 370 2977 Dinoloohus
391 2921 473 2966 usus
495 2908 564 2982 est,
587 2896 654 2965 vid.
677 2897 784 2980 wa,
810 2900 839 2965 1.
886 2899 1069 2991 Sophocles
1091 2922 1171 2968 voce

104 3183 153 3245 ll)
190 3177 300 3232 Pollux
319 3177 374 3243 tv,
393 3179 444 3234 1⁷³
462 3193 543 3243 seqq.
570 3191 638 3229 voce
662 3175 740 3246 liupo
757 3173 871 3228 Siculos
893 3169 1019 3224 comicos
1041 3170 1077 3223 de
1101 3187 1171 3240 pou-

65 3259 140 3322 derc
158 3270 187 3319 et
206 3279 317 3318 uummo
335 3279 400 3318 usos
418 3279 479 3318 esse
498 3261 601 3328 tradit,
630 3261 763 3331 exemplu
780 3259 864 3313 allert
881 3258 960 3328 λὶτρα
977 3266 1004 3312 et
1020 3254 1173 3332 δεκάλιτρον

65 3373 82 3408 e
103 3351 213 3421 Sophr.
233 3353 277 3406 16.
297 3353 347 3412 60,
364 3351 614 3424 ctrpnuoorollorpoc
631 3365 647 3401 e
665 3346 849 3412 Diuolocho‚
868 3343 973 3398 deiude
989 3343 1171 3400 Aristotelem

63 3442 96 3496 in
117 3437 372 3512 Agrigentinorum
389 3447 418 3493 et
435 3438 645 3490 Himeraeorum
664 3433 774 3503 politiis
791 3431 828 3486 de
844 3430 934 3504 liupo,
956 3428 1106 3502 ἡμίλιτρον,
1130 3431 1173 3484 δε-

64 3527 195 3596 ..άιηρω
220 3525 256 3580 ct.
274 3525 337 3592 lx,
355 3527 398 3582 so.
415 3526 459 3579 st.
488 3553 522 3564 -
558 3521 643 3576 euot.
665 3521 760 3592 lupar
790 3508 824 3588 ἢ.
845 3520 891 3582 μὲ.
907 3520 952 3572 καὶ
967 3517 1081 3582 rumpe
1097 3535 1124 3570 ι.
1140 3514 1173 3576 ὥς

64 3615 194 3677 Adortus·
212 3611 256 3666 snt
273 3612 301 3665 di
317 3613 366 3663 τοῦ
384 3613 508 3673 σταθμοῦ
523 3605 684 3679 Ἐπίχαρμός
700 3625 728 3659 rs
747 3607 791 3658 nui
807 3604 925 3680 Σώφρων
941 3605 1098 3678 expromo·
1116 3607 1172 3658 Σο·

63 3703 169 3770 φοκλῆς
188 3700 215 3752 dd
233 3695 403 3770 soporatum
421 3698 483 3766 φησὶ
498 3693 545 3748 cdo
563 3692 760 3767 ἀργυραμοιβόν
778 3691 835 3748 ἀπὸ
850 3695 1072 3756 convenirentur·
1099 3693 1172 3746 Anu.

63 3788 169 3844 Bekk.
191 3789 258 3850 105,
276 3787 319 3840 32.
348 3775 381 3854 ἢν
397 3785 444 3848 μὲν
461 3783 505 3836 uoti
521 3779 634 3845 νόμισμα
649 3781 796 3834 Σικελικόν·
814 3777 855 3836 ὅτι
872 3782 899 3834 di
918 3781 962 3832 eol
979 3779 1023 3832 ἐπὶ
1040 3783 1174 3846 σταθμοῦ,

59 3875 231 3944 Ἐπίχαρμος
246 3871 349 3925 ’utam
364 3869 384 3940 ἢ
402 3869 515 3938 Πλούτῳ
533 3869 571 3924 cl.
587 3870 716 3927 Eustath.
736 3870 816 3930 1181,
834 3869 877 3922 42.
895 3897 928 3906 -
947 3866 1071 3938 Hesych.
1087 3868 1175 3940 lupo,

62 3959 180 4031 ὀβολός·
206 3959 232 4014 oi
255 3960 283 4012 di
305 3955 417 4022 νόμισμα
441 3955 518 4030 παρὰ
535 3959 661 4016 Σικελοῖς.
697 3953 722 4008 oi
743 3956 770 4008 dl
794 3955 838 4008 dui
853 3957 996 4018 σταθμῶν,
1023 3952 1048 4007 oi
1065 3955 1093 4008 dd
1107 3951 1174 4008 ‘Pu-

63 4055 149 4116 paim
172 4044 217 4100 doci
240 4047 288 4098 coti
312 4050 331 4110 β
355 4046 445 4118 lippo.
471 4075 504 4086 -·
540 4043 585 4098 ld.
603 4041 805 4116 λιτροσκόπους,
822 4038 1035 4114 ἀργυραμοιβούς
1053 4037 1175 4095 ἀπὸτοῦ

63 4136 214 4192 Σικελικοῦ
238 4132 410 4198 νομίσματος,
435 4130 586 4188 teatrum
604 4134 689 4206 llrpo.
738 4131 868 4187 Ceterum
897 4131 963 4188 vide
989 4125 1118 4184 Boeoto.
1145 4145 1173 4198 p.

64 4227 123 4282 292
143 4237 225 4289 seqq.
