2746 4818
290 309 324 400 θ.
343 308 404 384 tt.
440 310 499 383 De
515 310 773 412 conjugatione
792 315 971 388 anomala.
1043 309 1047 320 ’
1101 317 1179 394 tta

77 514 205 606 reliqna
230 537 360 605 qnoque
381 514 424 580 ad
445 525 644 582 contractam
660 513 928 604 conjugationem
940 516 1065 584 retem
1078 517 1173 595 velis,

76 629 165 682 certe
185 620 296 682 θᾶσθε
317 615 473 684 Doricam
495 615 728 684 contractionis
753 618 863 707 legem
890 616 1002 685 laedit.
1037 654 1080 664 -
1112 618 1175 685 Ce-

76 729 183 784 terum
210 718 253 783 cal
280 718 439 786 Doricum
470 724 601 784 θᾶοθαι
627 719 794 809 pertinent
820 718 921 796 θάα,
957 719 1044 809 qnotl
1065 720 1173 787 Theo·

76 830 216 906 gnostns
244 821 281 886 in
302 822 393 887 Anu.
417 822 505 888 (lxx.
530 822 583 906 ll,
608 819 689 902 102,
711 822 753 887 21
785 819 946 887 Doricum
974 845 1049 886 esse
1074 822 1175 887 tradit

76 945 136 1010 pro
157 921 233 1001 θέα,
255 933 289 988 et
309 924 441 1010 glossae
461 925 690 1012 Hesychianae
710 926 818 1001 θατῆ
825 948 917 1007 ρας,
940 922 1059 1000 θεατάς
1075 934 1113 1018 ¹et
1133 925 1149 988 ε’
1157 951 1174 998 ς

75 1022 217 1101 θατύσ,
242 1027 287 1099 εἰς
306 1028 459 1110 θεωρίαν.
517 1075 520 1082 .

160 1131 307 1205 θᾶξαι,
339 1129 512 1212 σε’θαχμαι,
545 1126 691 1212 ἕθάχθηα
718 1124 844 1193 Dorice
870 1151 929 1218 pro
958 1130 1064 1204 θῶξαι
1092 1126 1116 1192 i.
1141 1151 1170 1193 e.

73 1227 216 1311 μεθύσαι
238 1239 300 1295 etc.
333 1229 600 1313 vid.§.22,1.
655 1230 748 1295 Haeo
777 1231 876 1321 stirps
904 1229 989 1298 male
1017 1254 1093 1296 cum
1123 1253 1172 1295 se·

72 1330 192 1421 quenti
213 1331 375 1396 confundi
396 1332 499 1416 solet,
532 1355 616 1421 quac
637 1342 689 1398 est
708 1357 846 1423 prorsus
869 1333 988 1400 aliena.
1034 1329 1173 1398 Rectius

71 1457 150 1500 enm
165 1432 256 1517 θήχω
279 1432 376 1513 (Dor.
392 1433 498 1516 θάχω)
520 1434 673 1522 componi
694 1459 794 1524 posse
807 1434 957 1518 videtur,
979 1434 1024 1498 el'.
1042 1432 1172 1510 πσήσσω

70 1547 106 1602 et
132 1536 292 1620 nnuooog
326 1558 400 1602 nam
428 1536 586 1602 facillime
608 1526 681 1601 lieri
701 1546 848 1626 poterat,
880 1547 918 1602 ut
936 1534 1050 1601 eadem
1072 1535 1173 1625 stirps

70 1639 114 1704 ad
135 1639 243 1722 ham,
279 1663 343 1728 qua
371 1648 532 1726 potestate
553 1637 683 1726 saepius
704 1639 892 1722 τεθηγμένος
913 1637 1036 1720 utitur,
1069 1648 1103 1702 et
1130 1637 1173 1703 ad

68 1742 263 1808 ebrietatem
293 1743 487 1808 traheretur.
531 1740 628 1806 Adeo
658 1740 693 1804 in
722 1740 883 1829 Hesychii
916 1738 1040 1828 glossis
1071 1747 1173 1802 τεθω-

69 1845 189 1928 χμὲιιοσ,
211 1843 432 1927 τεθυμωμένοι
453 1853 485 1909 et
502 1845 667 1920 σε’θωιισαι,
690 1846 874 1925 σεθυμίασαι
886 1842 1173 1930 interpretamenta

69 1947 286 2029 τεθυμωμένοι
317 1958 350 2013 et
379 1945 555 2027 σεθύμωσαι
587 1945 776 2035 reponenda
805 1969 880 2012 esse
908 1943 1073 2012 videntur.
1127 1941 1173 2008 Et

69 2047 210 2140 egregie
230 2073 284 2116 res
308 2049 516 2116 confirmatur
536 2047 699 2136 Hesychii
722 2049 851 2138 glossa,
886 2069 985 2138 quam
1013 2043 1084 2110 illis
1102 2043 1172 2130 jam

66 2151 265 2243 perscriptis
287 2149 488 2240 detegimusa
524 2149 728 2226 κατθάξαι
750 2152 830 2238 (leg.
854 2148 1044 2228 κατθᾶξαι),
1067 2171 1173 2230 παρα-

65 2257 224 2334 ιιοσῆσαι,
250 2253 390 2336 μεθύσαι
410 2254 435 2319 i.
458 2277 487 2318 e.
512 2277 573 2343 pro
594 2256 775 2332 κασαθῆξαι
795 2264 829 2320 et
849 2254 1044 2328 καταθοῖξσιι.
1090 2249 1171 2315 Pes·

66 2357 156 2424 sime
177 2355 336 2422 Musaeus
357 2358 488 2431 καθίξαι
507 2355 696 2444 scripserat.

156 2463 345 2536 θιῑσθαι,
384 2458 576 2547 epulari,
609 2482 673 2524 vox
700 2457 824 2523 Dorica
856 2479 929 2523 esse
961 2454 1101 2522 traditur
1125 2454 1167 2541 ⁵).

68 2562 161 2650 Ejns
183 2563 264 2627 haec
287 2561 520 2628 inclinamenta
542 2559 762 2649 reperiuntnrz

156 2665 271 2731 Praete.
294 2667 442 2742 θεᾶται,
476 2659 653 2740 εὐθησεῒσαι
673 2661 763 2739 (coti.
786 2656 979 2740 εὐθύνεται),
1007 2661 1169 2738 θσιαᾶται,

337 2765 439 2849 τρέχει
470 2761 577 2852 (quod
608 2763 718 2854 potins
748 2761 790 2829 ad
820 2763 920 2827 σῶσαι
947 2772 1072 2854 spectat
1098 2762 1167 2830 rial.

332 2866 430 2942 inlr.)
462 2865 609 2954 llesyclr.

294 2974 465 3052 θῶνται,
495 2971 689 3047 θοισοῖσσαι,
725 2965 929 3053 εὐωχοῦνται,
963 2964 1169 3044 εὐθηνούνσαι

335 3071 482 3159 Ησοχοθ.

261 3231 264 3240 ,
293 3173 524 3254 θωσθαιό),
559 3173 729 3236 δαίνυσθαι
755 3167 845 3246 (end.
870 3165 1062 3250 δύσασθμι),
1095 3176 1168 3232 θοι-

334 3281 475 3354 νᾶσθαι,
506 3273 712 3359 εὐωχεῖσθαι·
747 3272 908 3354 Αἴσχυλος
928 3270 1184 3365 Λισισυούλιιοις.Ι

290 3381 515 3463 θωμέσους,
540 3375 772 3459 θσισωμὲσους,
796 3371 1038 3458 εὐωχουμένους.

154 3487 300 3552 Futur.
321 3481 518 3562 θωσούμιθα
538 3478 659 3570 Epicu.
683 3475 756 3543 167.

55 3658 356 3681 ...-——--··-—-

93 3767 131 3832 5)
169 3762 216 3816 Et.
233 3761 275 3814 Μ.
295 3761 362 3825 461,
385 3763 406 3814 l.
445 3761 554 3810 θῶσθαι
576 3757 691 3822 λέγουσιν
715 3753 740 3807 oi
757 3753 863 3826 Δωριεῖς
887 3752 918 3808 τὸ
937 3753 1095 3818 εὐωχεῖσθαι
1111 3750 1168 3811 ἀπὸ

49 3857 111 3912 τοῦ
133 3852 180 3907 θῶ
195 3845 228 3902 τὸ
246 3845 403 3911 εὐωχοῦμαι.
422 3875 454 3884 -
491 3843 702 3911 11)ἰ(1.460,31
722 3841 756 3894 ad
776 3840 881 3912 θώραξι
909 3843 952 3894 θῶ
969 3838 1001 3894 τὸ
1017 3839 1167 3905 εὐωχοῦμαι

47 3945 127 4016 ἦτοι
145 3937 174 3990 e’r
190 3932 288 4001 εὐαχὶμ
304 3931 355 3995 εἰμι’
373 3963 405 3972 -
424 3930 472 3993 ἀφ’
492 3922 525 3983 οὐ
537 3930 645 3998 Δωριεῖς
662 3932 813 3999 θωρεῖσθαι
829 3929 930 3993 λέγουσι
946 3926 977 3981 τὸ
994 3925 1151 3992 εὐωχεῖσθαι
1157 3951 1165 3992 3

48 4025 229 4088 Larcherus
247 4038 284 4074 ex
295 4021 338 4076 Et.
351 4021 400 4073 Or.
423 4022 466 4085 73,
481 4022 512 4084 4,
531 4017 581 4072 ubi
598 4015 694 4070 eadem
713 4014 774 4067 fere
793 4013 945 4082 docentor,
962 4025 1038 4068 recte
1055 4019 1166 4067 θῶσθαι

48 4111 171 4188 reponi
190 4109 279 4178 iubet.
310 4139 338 4150 -
377 4106 403 4161 J,
423 4105 475 4158 Gr.
493 4104 555 4170 243,
571 4104 608 4172 b,
635 4102 725 4170 (ἶσος.
744 4101 774 4156 G.
793 4103 846 4159 356
869 4099 901 4155 τὸ
924 4099 1082 4167 εὐωχεῖσθαι
1104 4099 1164 4167 aiat,

48 4204 110 4261 obi
133 4208 215 4256 recte
232 4195 381 4264 corrigunt
401 4194 520 4248 θῶσθαι.
