2742 4814
340 373 458 464 §.ts
511 377 569 448 De
589 375 741 450 mitiore
766 379 915 453 Doride.
1095 383 1170 462 too

75 575 212 665 species.
257 573 484 642 Nihilominus
507 587 540 642 ct
561 577 624 642 hos
645 585 678 642 ct
697 567 923 665 Epidaurios,
944 577 1004 668 qui
1025 579 1169 648 arctissi-

71 703 121 743 ma
143 677 340 766 cognatione
364 702 440 746 cnm
454 677 633 769 Aeginetis
649 677 760 763 juncti
781 689 887 762 erant,
908 680 1170 772 cadem-vulgari
1292 709 1293 712 ¹

70 777 194 845 Doride
217 803 296 846 usos
317 803 412 864 esse,
450 801 514 870 qna
534 779 637 848 vicini
659 778 863 862 Dorienses,
901 799 1092 870 persuasum
1113 788 1168 853 ha·

69 881 197 946 bemus.
240 880 419 970 Sicyonios
441 905 594 972 quoqne,
628 880 817 964 Phliasios,
852 881 1053 968 Cleonasos,
1087 909 1167 976 quo-

69 997 152 1051 rum
171 982 213 1048 de
236 982 395 1050 dialectis
421 984 507 1052 nihil
538 984 723 1054 annuntius
757 996 960 1074 compertum
994 986 1165 1072 hahemus,

62 1085 136 1153 illis
158 1084 279 1152 addere
301 1084 472 1152 audemus.

148 1186 379 1271 Messenii,
412 1196 570 1276 qnantum
600 1212 619 1254 a
645 1187 751 1256 titulis
769 1189 894 1278 :paullo
925 1188 1166 1260 recentioribus

61 1289 275 1382 intelligitur.
343 1290 383 1355 lu
403 1289 660 1362 ,Messeniorum
693 1287 883 1359 Siculorum
911 1289 1017 1364 ‚utulo
1051 1291 1090 1370 l,
1125 1293 1167 1360 16

66 1391 216 1459 Tdrrcmt
241 1402 329 1458 certe
350 1390 461 1458 mitior
481 1389 762 1482 Dorisapparct,¹
786 1414 972 1482 quanquam
993 1393 1073 1460 haec
1094 1393 1165 1482 qui-

66 1493 240 1560 demurbs
260 1494 297 1561 iu
324 1504 414 1561 taett
441 1493 625 1560 incolarum
654 1494 812 1564 mixtione
840 1491 1082 1565 Messeniorum
1111 1519 1165 1570 co·
1241 1562 1249 1597 ¹

63 1595 165 1662 lonia,
180 1597 243 1663 vix,
264 1596 380 1662 haberi
409 1605 528 1685 potest.
594 1594 814 1683 Antiquioras
842 1593 1057 1680 Messenios,
1101 1598 1163 1666 sub

64 1697 298 1787 Spartanorum
321 1698 528 1788 potissimum
551 1696 794 1780 dominatione,
825 1695 1010 1765 Laconicae
1032 1698 1165 1766 dialecti

62 1799 240 1890 participes
262 1800 390 1885 luisse,
420 1800 582 1889 adquam
604 1799 795 1888 opinionem
816 1798 903 1865 haud
925 1809 1045 1868 temere
1067 1801 1163 1873 incli-

62 1902 211 1981 naveris,
243 1926 312 1970 non
335 1912 444 1993 potest
465 1901 543 1968 inde
572 1899 776 1985 confirmari,
806 1899 898 1988 quod
919 1899 1162 1970 Demosthenes

61 2005 148 2095 apud
166 2005 397 2093 Thucydidem
420 2005 478 2072 IM-
491 2003 557 2070 c.3
579 2003 765 2073 Messenios
789 2010 863 2091 post
883 2003 1014 2070 tertium
1036 2003 1164 2072 hellam

61 2107 281 2174 Messenicnur
310 2107 475 2196 Naupacti
499 2104 652 2174 sedentes
680 2104 950 2172 Lacedaemoniis
978 2104 1163 2189 inserimus

61 2208 266 2298 dicit'eaquc
294 2210 336 2276 de
364 2208 532 2302 causanti
556 2209 677 2296 Pylum
707 2205 933 2296 occupandam
960 2207 1158 2295 aptissimos,
1209 2251 1212 2258 ,

60 2311 261 2378 ldcm'cnim
282 2309 547 2392 Demosthenes,
570 2310 766 2398 Thucydide
787 2320 939 2376 narrante
961 2308 1012 2374 lll
1034 2332 1065 2376 c.
1086 2311 1160 2394 112,

60 2414 311 2494 autariatas,
341 2413 400 2504 qui
421 2413 552 2502 vulgari
571 2411 699 2478 Doride
720 2411 914 2495 utebantur,
944 2435 1160 2501 oppressurus

59 2515 246 2582 Messenios
268 2514 438 2608 praemisit
459 2526 492 2580 et
511 2513 637 2604 alloqui
654 2513 760 2598 jussit
779 2515 942 2596 „Amplior
964 2537 996 2576 ar
1015 2519 1161 2597 γλῶσσαι

58 2619 159 2692 ἱὲνταί·
192 2623 246 2684 καὶ
275 2621 342 2693 τοῖς
373 2616 552 2700 προφύλαξι
587 2617 700 2687 πίστιν
722 2616 994 2700 παρεχομὰιους.“
1044 2616 1160 2706 ltaque

57 2720 204 2787 Doricae
235 2719 397 2798 dialecti,
435 2743 503 2786 non
534 2715 714 2804 singularis
745 2715 868 2804 speciei
900 2717 1087 2782 communio
1102 2741 1159 2787 ‚aa

56 2833 197 2912 utroque
220 2823 293 2888 loco
315 2833 460 2913 apparet.
517 2820 669 2886 Ceterum
700 2817 923 2884 confitendum
944 2829 1012 2902 est,
1046 2819 1158 2910 vulgar

54 2949 125 2991 rem
154 2923 313 2991 Doridem
344 2924 381 2989 in
410 2923 518 2990 titulis
546 2920 743 2988 Messenicis
773 2921 881 2988 eidem
909 2945 1026 2988 causae
1054 2922 1159 2988 tribui

54 3049 181 3117 posse,
205 3049 303 3115 quam
322 3027 391 3112 jaan
413 3027 454 3092 ad
476 3024 559 3091 alios
580 3024 696 3096 titulos
717 3023 959 3092 adhibebimus.

141 3125 346 3198 Arcadici
367 3127 455 3194 enim
478 3137 510 3192 et
530 3125 741 3200 Laconici
762 3126 852 3192 tituli
882 3139 957 3217 post
978 3152 1008 3191 a.
1032 3128 1097 3194 200
1123 3151 1154 3194 ιι.

50 3232 136 3298 Chr.
164 3230 280 3320 scripti
302 3231 469 3319 uulgarem
490 3227 650 3300 Doridem
673 3227 849 3312 exhibent,
884 3251 1072 3317 quanquam
1092 3230 1155 3296 Ar·

46 3333 154 3402 cades
190 3331 350 3421 peculiari
382 3333 538 3399 dialecto·
564 3341 596 3396 ct
625 3330 778 3396 Lacones
810 3328 985 3402 severioris
1016 3330 1155 3410 Doridis

43 3434 229 3524 singulari
252 3435 363 3525 specie
394 3458 473 3500 usos
505 3433 612 3500 luisse
643 3442 781 3498 constat.
846 3429 1021 3514 Quomodo
1052 3433 1167 3521 igitur,

39 3543 176 3606 lactum
204 3545 276 3626 est,
311 3549 348 3604 ut
376 3549 490 3604 contra
511 3533 677 3622 antiquam
699 3533 972 3600 consuetudinem
993 3560 1030 3602 ea
1052 3546 1155 3603 aetate

38 3637 202 3760 vulgaris
223 3637 349 3723 Doris,
376 3639 413 3704 in
440 3635 549 3704 titulis
571 3644 659 3701 certe
681 3645 714 3700 et
734 3634 914 3701 cultiorum
934 3637 1074 3704 fortasse
1096 3638 1153 3704 ho·

33 3745 180 3812 minum
200 3764 348 3808 sermone
369 3737 581 3818 (Laconicam
603 3737 692 3806 enim
707 3737 939 3826 proprietatem
952 3761 994 3802 nc
1008 3748 1154 3827 tempore

32 3844 188 3938 quidem
213 3845 316 3911 multo
344 3841 526 3909 recentiore
555 3862 684 3918 omnem
715 3838 889 3904 extinctam
911 3837 1017 3904 luisse
1039 3839 1153 3906 docui-

27 3971 122 4017 mus
153 3945 199 4009 ct.
222 3941 256 4029 ξ
278 3945 342 4030 49,
364 3943 403 4031 2)
423 3943 559 4034 probata
581 3941 648 4007 siti
702 3938 799 4006 Circa
821 3963 945 4005 annum
966 3941 1152 4008 ducentesi-

25 4072 136 4120 mum
169 4046 296 4113 Achaei
324 4069 384 4136 per
409 4044 677 4134 Peloponnesum
707 4039 977 4124 dominabantur,
1012 4067 1152 4132 quornm

23 4151 184 4223 loedere
207 4149 305 4216 multi
326 4145 442 4238 populi
463 4146 594 4234 vulgara
606 4143 727 4210 Doridi
748 4141 872 4209 assucti
887 4144 1149 4222 continebantur.

24 4259 249 4343 Quanquam
278 4251 381 4339 igitur
410 4271 475 4313 non
509 4258 656 4330 constat,
692 4269 776 4336 quae
809 4245 908 4312 inerit
939 4245 1150 4336 antiquorum
1248 4238 1250 4242 ¹
