<?xml version="1.0" encoding="UTF-8"?>
<!DOCTYPE html PUBLIC "-//W3C//DTD XHTML 1.0 Transitional//EN"
    "http://www.w3.org/TR/xhtml1/DTD/xhtml1-transitional.dtd">
<html xmlns="http://www.w3.org/1999/xhtml" xml:lang="en" lang="en">
 <head>
  <title>
</title>
<meta http-equiv="Content-Type" content="text/html;charset=utf-8" />
  <meta name='ocr-system' content='tesseract 3.04.00' />
  <meta name='ocr-capabilities' content='ocr_page ocr_carea ocr_par ocr_line ocrx_word'/>
</head>
<body>
  <div class='ocr_page' id='page_1' title='image "./degraccaelingua02ahregoog_0252.png"; bbox 0 0 2726 4820; ppageno 0'>
   <div class='ocr_carea' id='block_1_1' title="bbox 222 335 936 465">
    <p class='ocr_par' dir='ltr' id='par_1_1' title="bbox 222 335 936 465">
     <span class='ocr_line' id='line_1_1' title="bbox 222 335 936 465; baseline -0.008 -5"><span class='ocrx_word' id='word_1_1' title='bbox 222 349 314 461; x_wconf 69' lang='lat' dir='ltr'><strong>ulo</strong></span> <span class='ocrx_word' id='word_1_2' title='bbox 440 435 443 440; x_wconf 94' lang='lat'>-</span> <span class='ocrx_word' id='word_1_3' title='bbox 605 335 662 457; x_wconf 78' lang='lat' dir='ltr'><strong>De</strong></span> <span class='ocrx_word' id='word_1_4' title='bbox 686 383 936 465; x_wconf 73' lang='lat' dir='ltr'>declinatione.</span> 
     </span>
    </p>
   </div>
   <div class='ocr_carea' id='block_1_2' title="bbox 160 583 1358 3233">
    <p class='ocr_par' dir='ltr' id='par_1_2' title="bbox 160 583 1358 3233">
     <span class='ocr_line' id='line_1_2' title="bbox 226 583 1308 677; baseline -0.007 -20"><span class='ocrx_word' id='word_1_5' title='bbox 226 591 395 668; x_wconf 71' lang='grc' dir='ltr'><strong><em>Ποτειδὰν,</em></strong></span> <span class='ocrx_word' id='word_1_6' title='bbox 421 589 597 667; x_wconf 74' lang='grc' dir='ltr'><strong><em>Ποσειδὰν,</em></strong></span> <span class='ocrx_word' id='word_1_7' title='bbox 621 588 705 677; x_wconf 73' lang='lat' dir='ltr'><strong>quae</strong></span> <span class='ocrx_word' id='word_1_8' title='bbox 729 596 805 653; x_wconf 86' lang='lat' dir='ltr'><strong>sunt</strong></span> <span class='ocrx_word' id='word_1_9' title='bbox 822 609 863 650; x_wconf 85' lang='lat' dir='ltr'><strong>ex</strong></span> <span class='ocrx_word' id='word_1_10' title='bbox 883 585 1020 675; x_wconf 85' lang='lat' dir='ltr'><strong>antiquo</strong></span> <span class='ocrx_word' id='word_1_11' title='bbox 1038 583 1207 650; x_wconf 78' lang='grc' dir='ltr'><strong><em>Ποτιδάων</em></strong></span> <span class='ocrx_word' id='word_1_12' title='bbox 1220 595 1308 660; x_wconf 86' lang='lat' dir='ltr'><strong>natae,</strong></span> 
     </span>
     <span class='ocr_line' id='line_1_3' title="bbox 223 685 1312 779; baseline -0.009 -19"><span class='ocrx_word' id='word_1_13' title='bbox 223 706 256 760; x_wconf 91' lang='lat' dir='ltr'><strong>et</strong></span> <span class='ocrx_word' id='word_1_14' title='bbox 279 697 431 768; x_wconf 82' lang='grc' dir='ltr'><strong>Ποτιδᾶς.</strong></span> <span class='ocrx_word' id='word_1_15' title='bbox 487 691 598 756; x_wconf 83' lang='lat' dir='ltr'><strong>Prima</strong></span> <span class='ocrx_word' id='word_1_16' title='bbox 628 692 731 755; x_wconf 74' lang='lat' dir='ltr'><strong>forma</strong></span> <span class='ocrx_word' id='word_1_17' title='bbox 753 689 878 779; x_wconf 76' lang='lat' dir='ltr'><strong>legitur</strong></span> <span class='ocrx_word' id='word_1_18' title='bbox 897 688 932 764; x_wconf 84' lang='lat' dir='ltr'><strong>in</strong></span> <span class='ocrx_word' id='word_1_19' title='bbox 957 686 1028 751; x_wconf 74' lang='lat' dir='ltr'><strong>lrisz</strong></span> <span class='ocrx_word' id='word_1_20' title='bbox 1051 686 1161 752; x_wconf 74' lang='lat' dir='ltr'><strong>&#39;Nonn-</strong></span> <span class='ocrx_word' id='word_1_21' title='bbox 1189 685 1312 752; x_wconf 82' lang='grc' dir='ltr'><strong><em>Ποτιδᾶν</em></strong></span> 
     </span>
     <span class='ocr_line' id='line_1_4' title="bbox 223 780 1312 887; baseline -0.01 -23"><span class='ocrx_word' id='word_1_22' title='bbox 223 780 343 887; x_wconf 76' lang='lat' dir='ltr'><strong>Epich.</strong></span> <span class='ocrx_word' id='word_1_23' title='bbox 366 795 431 879; x_wconf 68' lang='grc'><strong>24,</strong></span> <span class='ocrx_word' id='word_1_24' title='bbox 474 791 562 860; x_wconf 79' lang='lat' dir='ltr'><strong>Gen.</strong></span> <span class='ocrx_word' id='word_1_25' title='bbox 597 795 775 866; x_wconf 79' lang='grc' dir='ltr'><strong><em>Ποτοδᾶοος</em></strong></span> <span class='ocrx_word' id='word_1_26' title='bbox 803 789 901 855; x_wconf 83' lang='lat' dir='ltr'><strong>Pind.</strong></span> <span class='ocrx_word' id='word_1_27' title='bbox 933 789 988 855; x_wconf 86' lang='grc'><strong>01.</strong></span> <span class='ocrx_word' id='word_1_28' title='bbox 1019 789 1126 868; x_wconf 82' lang='lat' dir='ltr'>XIII,</span> <span class='ocrx_word' id='word_1_29' title='bbox 1158 788 1190 854; x_wconf 81' lang='grc'><strong>5.</strong></span> <span class='ocrx_word' id='word_1_30' title='bbox 1219 790 1257 856; x_wconf 77' lang='grc'><strong>30</strong></span> <span class='ocrx_word' id='word_1_31' title='bbox 1283 789 1312 853; x_wconf 83' lang='lat' dir='ltr'><strong>iu</strong></span> 
     </span>
     <span class='ocr_line' id='line_1_5' title="bbox 223 892 1313 989; baseline -0.008 -24"><span class='ocrx_word' id='word_1_32' title='bbox 223 899 357 989; x_wconf 89' lang='lat' dir='ltr'><strong>optimis</strong></span> <span class='ocrx_word' id='word_1_33' title='bbox 379 895 490 978; x_wconf 82' lang='lat' dir='ltr'><strong>libris,</strong></span> <span class='ocrx_word' id='word_1_34' title='bbox 511 894 713 962; x_wconf 73' lang='lat' dir='ltr'><strong>aBoeclslrio</strong></span> <span class='ocrx_word' id='word_1_35' title='bbox 729 918 794 959; x_wconf 89' lang='lat' dir='ltr'><strong>non</strong></span> <span class='ocrx_word' id='word_1_36' title='bbox 818 904 906 958; x_wconf 80' lang='lat' dir='ltr'><strong>recte</strong></span> <span class='ocrx_word' id='word_1_37' title='bbox 927 893 1078 980; x_wconf 84' lang='lat' dir='ltr'><strong>pejorum</strong></span> <span class='ocrx_word' id='word_1_38' title='bbox 1099 892 1255 958; x_wconf 85' lang='lat' dir='ltr'><strong>librorum</strong></span> <span class='ocrx_word' id='word_1_39' title='bbox 1276 892 1313 957; x_wconf 88' lang='lat' dir='ltr'><strong>le-</strong></span> 
     </span>
     <span class='ocr_line' id='line_1_6' title="bbox 167 996 1314 1086; baseline -0.007 -20"><span class='ocrx_word' id='word_1_40' title='bbox 167 1009 168 1016; x_wconf 76' lang='grc'>’</span> <span class='ocrx_word' id='word_1_41' title='bbox 223 1000 327 1069; x_wconf 90' lang='lat' dir='ltr'><strong>ctioni</strong></span> <span class='ocrx_word' id='word_1_42' title='bbox 342 1000 534 1072; x_wconf 75' lang='grc' dir='ltr'><strong><em>Ποτειδᾶνος</em></strong></span> <span class='ocrx_word' id='word_1_43' title='bbox 554 996 796 1086; x_wconf 84' lang='lat' dir='ltr'><strong>posthabitum,</strong></span> <span class='ocrx_word' id='word_1_44' title='bbox 820 996 910 1085; x_wconf 85' lang='lat' dir='ltr'><strong>qnod</strong></span> <span class='ocrx_word' id='word_1_45' title='bbox 933 1005 1072 1061; x_wconf 73' lang='lat' dir='ltr'><strong>metrum</strong></span> <span class='ocrx_word' id='word_1_46' title='bbox 1094 996 1225 1062; x_wconf 86' lang='lat' dir='ltr'><strong>brevem</strong></span> <span class='ocrx_word' id='word_1_47' title='bbox 1246 1019 1314 1085; x_wconf 87' lang='lat' dir='ltr'><strong>pen·</strong></span> 
     </span>
     <span class='ocr_line' id='line_1_7' title="bbox 192 1097 1315 1187; baseline -0.005 -19"><span class='ocrx_word' id='word_1_48' title='bbox 192 1104 371 1169; x_wconf 85' lang='lat' dir='ltr'><strong>&#39;ultimam</strong></span> <span class='ocrx_word' id='word_1_49' title='bbox 393 1125 461 1165; x_wconf 91' lang='lat' dir='ltr'><strong>nou</strong></span> <span class='ocrx_word' id='word_1_50' title='bbox 476 1099 652 1180; x_wconf 77' lang='lat' dir='ltr'><strong>&#39;admittat‚</strong></span> <span class='ocrx_word' id='word_1_51' title='bbox 686 1099 754 1164; x_wconf 88' lang='lat' dir='ltr'><strong>vid.</strong></span> <span class='ocrx_word' id='word_1_52' title='bbox 780 1120 895 1187; x_wconf 79' lang='lat' dir='ltr'><strong>seqq.3</strong></span> <span class='ocrx_word' id='word_1_53' title='bbox 928 1121 1049 1164; x_wconf 87' lang='lat' dir='ltr'><strong>nomen</strong></span> <span class='ocrx_word' id='word_1_54' title='bbox 1077 1097 1173 1164; x_wconf 86' lang='lat' dir='ltr'><strong>duxit</strong></span> <span class='ocrx_word' id='word_1_55' title='bbox 1198 1097 1238 1162; x_wconf 89' lang='lat' dir='ltr'><strong>ab</strong></span> <span class='ocrx_word' id='word_1_56' title='bbox 1264 1100 1315 1162; x_wconf 86' lang='lat' dir='ltr'><strong>lrac</strong></span> 
     </span>
     <span class='ocr_line' id='line_1_8' title="bbox 160 1199 1316 1294; baseline -0.006 -23"><span class='ocrx_word' id='word_1_57' title='bbox 160 1241 163 1246; x_wconf 76' lang='lat'><em>,</em></span> <span class='ocrx_word' id='word_1_58' title='bbox 224 1207 328 1271; x_wconf 76' lang='lat' dir='ltr'><strong>torma</strong></span> <span class='ocrx_word' id='word_1_59' title='bbox 350 1203 507 1294; x_wconf 89' lang='lat' dir='ltr'><strong>oppidum</strong></span> <span class='ocrx_word' id='word_1_60' title='bbox 529 1199 720 1266; x_wconf 78' lang='lat' dir='ltr'><strong>Aetolicum</strong></span> <span class='ocrx_word' id='word_1_61' title='bbox 745 1203 941 1283; x_wconf 79' lang='grc' dir='ltr'><strong><em>Ποτιδανῖα,</em></strong></span> <span class='ocrx_word' id='word_1_62' title='bbox 963 1200 1055 1290; x_wconf 87' lang='lat' dir='ltr'><strong>quod</strong></span> <span class='ocrx_word' id='word_1_63' title='bbox 1075 1211 1316 1266; x_wconf 84' lang='lat' dir='ltr'><strong>commemorant</strong></span> 
     </span>
     <span class='ocr_line' id='line_1_9' title="bbox 222 1301 1356 1394; baseline -0.004 -22"><span class='ocrx_word' id='word_1_64' title='bbox 222 1306 439 1394; x_wconf 76' lang='lat' dir='ltr'><strong>Thucydides</strong></span> <span class='ocrx_word' id='word_1_65' title='bbox 460 1304 532 1387; x_wconf 92' lang='grc'><strong>111,</strong></span> <span class='ocrx_word' id='word_1_66' title='bbox 556 1301 601 1369; x_wconf 82' lang='grc'><strong>96</strong></span> <span class='ocrx_word' id='word_1_67' title='bbox 629 1313 661 1368; x_wconf 84' lang='lat' dir='ltr'><strong>ct</strong></span> <span class='ocrx_word' id='word_1_68' title='bbox 684 1301 870 1392; x_wconf 74' lang='lat' dir='ltr'><strong>Stephanus</strong></span> <span class='ocrx_word' id='word_1_69' title='bbox 891 1301 1085 1391; x_wconf 73' lang='lat' dir='ltr'><strong>Byzantius.</strong></span> <span class='ocrx_word' id='word_1_70' title='bbox 1118 1343 1159 1352; x_wconf 88' lang='lat'><em>-</em></span> <span class='ocrx_word' id='word_1_71' title='bbox 1198 1301 1251 1366; x_wconf 94' lang='lat' dir='ltr'><strong>Ad</strong></span> <span class='ocrx_word' id='word_1_72' title='bbox 1275 1325 1317 1368; x_wconf 90' lang='lat' dir='ltr'><strong>se·</strong></span> <span class='ocrx_word' id='word_1_73' title='bbox 1355 1369 1356 1388; x_wconf 25' lang='grc'><strong>1</strong></span> 
     </span>
     <span class='ocr_line' id='line_1_10' title="bbox 223 1403 1319 1494; baseline -0.006 -19"><span class='ocrx_word' id='word_1_74' title='bbox 223 1410 363 1476; x_wconf 75' lang='lat' dir='ltr'><strong>cundum</strong></span> <span class='ocrx_word' id='word_1_75' title='bbox 387 1409 524 1472; x_wconf 76' lang='lat' dir='ltr'><strong>sormam</strong></span> <span class='ocrx_word' id='word_1_76' title='bbox 546 1404 729 1494; x_wconf 74' lang='lat' dir='ltr'><strong>pertinent:</strong></span> <span class='ocrx_word' id='word_1_77' title='bbox 762 1408 848 1494; x_wconf 79' lang='lat' dir='ltr'><strong>Gen.</strong></span> <span class='ocrx_word' id='word_1_78' title='bbox 875 1407 1067 1481; x_wconf 76' lang='grc' dir='ltr'><strong><em>Ποτειδᾶνος</em></strong></span> <span class='ocrx_word' id='word_1_79' title='bbox 1088 1405 1207 1493; x_wconf 83' lang='lat' dir='ltr'><strong>Epich.</strong></span> <span class='ocrx_word' id='word_1_80' title='bbox 1232 1403 1273 1470; x_wconf 88' lang='grc'><strong>16</strong></span> <span class='ocrx_word' id='word_1_81' title='bbox 1293 1416 1319 1471; x_wconf 82' lang='lat' dir='ltr'><strong>el</strong></span> 
     </span>
     <span class='ocr_line' id='line_1_11' title="bbox 224 1506 1356 1601; baseline -0.004 -25"><span class='ocrx_word' id='word_1_82' title='bbox 224 1512 259 1576; x_wconf 93' lang='lat' dir='ltr'><strong>in</strong></span> <span class='ocrx_word' id='word_1_83' title='bbox 283 1509 453 1601; x_wconf 80' lang='lat' dir='ltr'><strong>pejoribus</strong></span> <span class='ocrx_word' id='word_1_84' title='bbox 477 1506 614 1572; x_wconf 88' lang='lat' dir='ltr'><strong>Pindari</strong></span> <span class='ocrx_word' id='word_1_85' title='bbox 635 1507 731 1573; x_wconf 84' lang='lat' dir='ltr'><strong>libris</strong></span> <span class='ocrx_word' id='word_1_86' title='bbox 755 1508 812 1573; x_wconf 96' lang='grc'><strong>01.</strong></span> <span class='ocrx_word' id='word_1_87' title='bbox 835 1507 940 1584; x_wconf 89' lang='lat' dir='ltr'><strong>Xlll,</strong></span> <span class='ocrx_word' id='word_1_88' title='bbox 964 1507 996 1573; x_wconf 84' lang='lat'><strong>5.</strong></span> <span class='ocrx_word' id='word_1_89' title='bbox 1019 1509 1080 1590; x_wconf 79' lang='lat'><strong>39,</strong></span> <span class='ocrx_word' id='word_1_90' title='bbox 1104 1507 1223 1574; x_wconf 91' lang='lat' dir='ltr'><strong>deinde</strong></span> <span class='ocrx_word' id='word_1_91' title='bbox 1244 1508 1319 1572; x_wconf 67' lang='lat' dir='ltr'><strong>mna</strong></span> <span class='ocrx_word' id='word_1_92' title='bbox 1355 1521 1356 1528; x_wconf 76' lang='grc'>’</span> 
     </span>
     <span class='ocr_line' id='line_1_12' title="bbox 224 1609 1319 1699; baseline -0.004 -21"><span class='ocrx_word' id='word_1_93' title='bbox 224 1611 402 1678; x_wconf 87' lang='lat' dir='ltr'><strong>accusativi</strong></span> <span class='ocrx_word' id='word_1_94' title='bbox 423 1612 526 1676; x_wconf 84' lang='lat' dir='ltr'><strong>forma</strong></span> <span class='ocrx_word' id='word_1_95' title='bbox 543 1611 683 1674; x_wconf 80' lang='grc' dir='ltr'><strong><em>Ποτειδᾶ</em></strong></span> <span class='ocrx_word' id='word_1_96' title='bbox 705 1612 846 1676; x_wconf 78' lang='lat' dir='ltr'><strong>Acheru.</strong></span> <span class='ocrx_word' id='word_1_97' title='bbox 864 1609 928 1677; x_wconf 82' lang='grc'><strong>704</strong></span> <span class='ocrx_word' id='word_1_98' title='bbox 949 1611 1132 1676; x_wconf 88' lang='lat' dir='ltr'><strong>secuudum</strong></span> <span class='ocrx_word' id='word_1_99' title='bbox 1152 1609 1319 1699; x_wconf 82' lang='lat' dir='ltr'><strong>plerosque</strong></span> 
     </span>
     <span class='ocr_line' id='line_1_13' title="bbox 224 1697 1321 1793; baseline -0.002 -12"><span class='ocrx_word' id='word_1_100' title='bbox 224 1715 330 1782; x_wconf 87' lang='lat' dir='ltr'><strong>libros</strong></span> <span class='ocrx_word' id='word_1_101' title='bbox 354 1713 448 1793; x_wconf 89' lang='lat' dir='ltr'><strong>(Ald.</strong></span> <span class='ocrx_word' id='word_1_102' title='bbox 475 1714 649 1788; x_wconf 77' lang='grc' dir='ltr'><strong><em>Ποτείδαν,</em></strong></span> <span class='ocrx_word' id='word_1_103' title='bbox 673 1711 757 1779; x_wconf 88' lang='lat' dir='ltr'><strong>Rav.</strong></span> <span class='ocrx_word' id='word_1_104' title='bbox 784 1697 945 1790; x_wconf 73' lang='grc' dir='ltr'><strong><em>Ποδειδῶ)</em></strong></span> <span class='ocrx_word' id='word_1_105' title='bbox 968 1723 1001 1776; x_wconf 87' lang='lat' dir='ltr'><strong>et</strong></span> <span class='ocrx_word' id='word_1_106' title='bbox 1020 1710 1187 1777; x_wconf 78' lang='lat' dir='ltr'><strong>vocativus</strong></span> <span class='ocrx_word' id='word_1_107' title='bbox 1209 1707 1234 1776; x_wconf 71' lang='lat' dir='ltr'><strong>oi</strong></span> <span class='ocrx_word' id='word_1_108' title='bbox 1258 1711 1321 1780; x_wconf 86' lang='grc' dir='ltr'><strong>Πό-</strong></span> 
     </span>
     <span class='ocr_line' id='line_1_14' title="bbox 223 1812 1317 1904; baseline -0.004 -22"><span class='ocrx_word' id='word_1_109' title='bbox 223 1821 325 1882; x_wconf 72' lang='lat' dir='ltr'><strong>tardor</strong></span> <span class='ocrx_word' id='word_1_110' title='bbox 352 1817 429 1898; x_wconf 77' lang='lat' dir='ltr'><strong>(sic)</strong></span> <span class='ocrx_word' id='word_1_111' title='bbox 462 1815 495 1880; x_wconf 89' lang='lat' dir='ltr'><strong>in</strong></span> <span class='ocrx_word' id='word_1_112' title='bbox 528 1814 615 1880; x_wconf 91' lang='lat' dir='ltr'><strong>dicto</strong></span> <span class='ocrx_word' id='word_1_113' title='bbox 637 1812 761 1879; x_wconf 87' lang='lat' dir='ltr'><strong>erodii</strong></span> <span class='ocrx_word' id='word_1_114' title='bbox 791 1813 878 1903; x_wconf 88' lang='lat' dir='ltr'><strong>apud</strong></span> <span class='ocrx_word' id='word_1_115' title='bbox 899 1815 1082 1881; x_wconf 84' lang='lat' dir='ltr'><strong>Aristidem</strong></span> <span class='ocrx_word' id='word_1_116' title='bbox 1105 1813 1211 1882; x_wconf 83' lang='lat' dir='ltr'><strong>Oratt.</strong></span> <span class='ocrx_word' id='word_1_117' title='bbox 1243 1814 1260 1880; x_wconf 91' lang='grc' dir='ltr'>Ι</span> <span class='ocrx_word' id='word_1_118' title='bbox 1290 1839 1317 1904; x_wconf 94' lang='lat' dir='ltr'><strong>p.</strong></span> 
     </span>
     <span class='ocr_line' id='line_1_15' title="bbox 225 1915 1320 2006; baseline -0.005 -21"><span class='ocrx_word' id='word_1_119' title='bbox 225 1920 310 2003; x_wconf 87' lang='grc'><strong>542,</strong></span> <span class='ocrx_word' id='word_1_120' title='bbox 334 1921 386 1986; x_wconf 89' lang='grc'><strong>11.</strong></span> <span class='ocrx_word' id='word_1_121' title='bbox 410 1959 453 1968; x_wconf 88' lang='lat'><em>-</em></span> <span class='ocrx_word' id='word_1_122' title='bbox 495 1916 610 1982; x_wconf 84' lang='lat' dir='ltr'><strong>Tertia</strong></span> <span class='ocrx_word' id='word_1_123' title='bbox 632 1918 736 1980; x_wconf 82' lang='lat' dir='ltr'><strong>forma</strong></span> <span class='ocrx_word' id='word_1_124' title='bbox 759 1928 892 2006; x_wconf 86' lang='lat' dir='ltr'><strong>apparet</strong></span> <span class='ocrx_word' id='word_1_125' title='bbox 913 1918 999 2006; x_wconf 84' lang='lat' dir='ltr'><strong>apud</strong></span> <span class='ocrx_word' id='word_1_126' title='bbox 1023 1915 1224 1982; x_wconf 74' lang='lat' dir='ltr'><strong>Pindarum:</strong></span> <span class='ocrx_word' id='word_1_127' title='bbox 1257 1923 1320 1981; x_wconf 90' lang='grc' dir='ltr'><strong>Πο-</strong></span> 
     </span>
     <span class='ocr_line' id='line_1_16' title="bbox 227 2017 1319 2104; baseline -0.002 -16"><span class='ocrx_word' id='word_1_128' title='bbox 227 2024 333 2088; x_wconf 72' lang='grc' dir='ltr'><strong><em>σειδᾶν</em></strong></span> <span class='ocrx_word' id='word_1_129' title='bbox 364 2020 424 2086; x_wconf 88' lang='grc'><strong>01.</strong></span> <span class='ocrx_word' id='word_1_130' title='bbox 454 2020 490 2104; x_wconf 93' lang='grc' dir='ltr'><strong>Ι,</strong></span> <span class='ocrx_word' id='word_1_131' title='bbox 514 2018 568 2084; x_wconf 90' lang='grc'><strong>26.</strong></span> <span class='ocrx_word' id='word_1_132' title='bbox 602 2017 706 2091; x_wconf 88' lang='grc'><strong>17111,</strong></span> <span class='ocrx_word' id='word_1_133' title='bbox 731 2018 783 2083; x_wconf 88' lang='grc'><strong>31.</strong></span> <span class='ocrx_word' id='word_1_134' title='bbox 818 2017 890 2101; x_wconf 87' lang='grc' dir='ltr'><strong>ΙΧ,</strong></span> <span class='ocrx_word' id='word_1_135' title='bbox 914 2019 967 2083; x_wconf 84' lang='grc'><strong>33.</strong></span> <span class='ocrx_word' id='word_1_136' title='bbox 1013 2019 1130 2084; x_wconf 87' lang='lat' dir='ltr'><strong>lstlrm.</strong></span> <span class='ocrx_word' id='word_1_137' title='bbox 1160 2019 1249 2103; x_wconf 84' lang='lat' dir='ltr'><strong>vll,</strong></span> <span class='ocrx_word' id='word_1_138' title='bbox 1270 2017 1319 2101; x_wconf 88' lang='grc'><strong>27,</strong></span> 
     </span>
     <span class='ocr_line' id='line_1_17' title="bbox 228 2118 1357 2210; baseline -0.003 -21"><span class='ocrx_word' id='word_1_139' title='bbox 228 2125 426 2196; x_wconf 78' lang='grc' dir='ltr'><strong><em>Ποσειδᾶνος</em></strong></span> <span class='ocrx_word' id='word_1_140' title='bbox 448 2122 549 2210; x_wconf 68' lang='lat' dir='ltr'><strong>Pyth.</strong></span> <span class='ocrx_word' id='word_1_141' title='bbox 574 2120 636 2202; x_wconf 87' lang='lat' dir='ltr'><strong>IV,</strong></span> <span class='ocrx_word' id='word_1_142' title='bbox 661 2119 741 2202; x_wconf 86' lang='lat'><strong>138,</strong></span> <span class='ocrx_word' id='word_1_143' title='bbox 768 2123 949 2184; x_wconf 77' lang='grc' dir='ltr'><strong><em>Ποσεοδᾶνα</em></strong></span> <span class='ocrx_word' id='word_1_144' title='bbox 972 2120 1029 2187; x_wconf 88' lang='grc'><strong>01.</strong></span> <span class='ocrx_word' id='word_1_145' title='bbox 1053 2119 1123 2198; x_wconf 90' lang='grc'><strong>171,</strong></span> <span class='ocrx_word' id='word_1_146' title='bbox 1147 2118 1209 2206; x_wconf 88' lang='grc'><strong>58,</strong></span> <span class='ocrx_word' id='word_1_147' title='bbox 1240 2121 1318 2186; x_wconf 86' lang='lat' dir='ltr'><strong>Voc.</strong></span> <span class='ocrx_word' id='word_1_148' title='bbox 1356 2173 1357 2210; x_wconf 50' lang='lat'><em>3</em></span> 
     </span>
     <span class='ocr_line' id='line_1_18' title="bbox 228 2222 1357 2313; baseline -0.004 -21"><span class='ocrx_word' id='word_1_149' title='bbox 228 2225 388 2294; x_wconf 69' lang='grc' dir='ltr'><strong><em>Ποσειδᾶν</em></strong></span> <span class='ocrx_word' id='word_1_150' title='bbox 419 2222 517 2313; x_wconf 76' lang='lat' dir='ltr'><strong>Pyth.</strong></span> <span class='ocrx_word' id='word_1_151' title='bbox 549 2222 618 2306; x_wconf 90' lang='grc'><strong>171,</strong></span> <span class='ocrx_word' id='word_1_152' title='bbox 652 2225 703 2288; x_wconf 88' lang='grc'><strong>51.</strong></span> <span class='ocrx_word' id='word_1_153' title='bbox 772 2223 811 2287; x_wconf 93' lang='lat' dir='ltr'><strong>ln</strong></span> <span class='ocrx_word' id='word_1_154' title='bbox 845 2222 981 2287; x_wconf 86' lang='lat' dir='ltr'><strong>eandem</strong></span> <span class='ocrx_word' id='word_1_155' title='bbox 1014 2223 1152 2296; x_wconf 77' lang='lat' dir='ltr'><strong>formam</strong></span> <span class='ocrx_word' id='word_1_156' title='bbox 1183 2224 1322 2289; x_wconf 83' lang='lat' dir='ltr'><strong>lacerum</strong></span> <span class='ocrx_word' id='word_1_157' title='bbox 1356 2241 1357 2246; x_wconf 75' lang='grc'>’</span> 
     </span>
     <span class='ocr_line' id='line_1_19' title="bbox 226 2323 1321 2408; baseline -0.003 -16"><span class='ocrx_word' id='word_1_158' title='bbox 226 2328 455 2408; x_wconf 80' lang='grc' dir='ltr'><strong><em>(Ποο)ειδᾶνος</em></strong></span> <span class='ocrx_word' id='word_1_159' title='bbox 477 2324 601 2390; x_wconf 87' lang='lat' dir='ltr'><strong>Lacon.</strong></span> <span class='ocrx_word' id='word_1_160' title='bbox 627 2323 709 2390; x_wconf 82' lang='lat'><strong>1335</strong></span> <span class='ocrx_word' id='word_1_161' title='bbox 732 2348 749 2388; x_wconf 90' lang='lat' dir='ltr'><strong>a</strong></span> <span class='ocrx_word' id='word_1_162' title='bbox 771 2323 939 2390; x_wconf 79' lang='lat' dir='ltr'><strong>Boeclrhio</strong></span> <span class='ocrx_word' id='word_1_163' title='bbox 960 2325 1147 2392; x_wconf 84' lang='lat' dir='ltr'><strong>restitutum</strong></span> <span class='ocrx_word' id='word_1_164' title='bbox 1170 2337 1231 2392; x_wconf 87' lang='lat' dir='ltr'><strong>cst.</strong></span> <span class='ocrx_word' id='word_1_165' title='bbox 1272 2327 1321 2391; x_wconf 91' lang='lat' dir='ltr'><strong>ln·</strong></span> 
     </span>
     <span class='ocr_line' id='line_1_20' title="bbox 226 2426 1320 2514; baseline -0.002 -22"><span class='ocrx_word' id='word_1_166' title='bbox 226 2428 334 2493; x_wconf 83' lang='lat' dir='ltr'><strong>didam</strong></span> <span class='ocrx_word' id='word_1_167' title='bbox 357 2427 527 2492; x_wconf 88' lang='lat' dir='ltr'><strong>descendit</strong></span> <span class='ocrx_word' id='word_1_168' title='bbox 547 2427 746 2514; x_wconf 76' lang='lat' dir='ltr'><strong>adjectivum</strong></span> <span class='ocrx_word' id='word_1_169' title='bbox 770 2426 982 2502; x_wconf 77' lang='grc' dir='ltr'><strong><em>Ποσειδάνιος</em></strong></span> <span class='ocrx_word' id='word_1_170' title='bbox 1002 2428 1102 2495; x_wconf 90' lang='lat' dir='ltr'><strong>Pind.</strong></span> <span class='ocrx_word' id='word_1_171' title='bbox 1128 2427 1185 2493; x_wconf 94' lang='grc'><strong>01.</strong></span> <span class='ocrx_word' id='word_1_172' title='bbox 1202 2427 1249 2512; x_wconf 87' lang='grc'><strong>17,</strong></span> <span class='ocrx_word' id='word_1_173' title='bbox 1272 2430 1320 2493; x_wconf 83' lang='grc'><strong>21.</strong></span> 
     </span>
     <span class='ocr_line' id='line_1_21' title="bbox 225 2527 1320 2618; baseline -0.005 -22"><span class='ocrx_word' id='word_1_174' title='bbox 225 2530 298 2613; x_wconf 86' lang='lat' dir='ltr'><strong>XI,</strong></span> <span class='ocrx_word' id='word_1_175' title='bbox 320 2531 373 2596; x_wconf 89' lang='grc'><strong>27.</strong></span> <span class='ocrx_word' id='word_1_176' title='bbox 411 2527 454 2618; x_wconf 91' lang='grc'><strong>11.</strong></span> <span class='ocrx_word' id='word_1_177' title='bbox 479 2528 548 2612; x_wconf 88' lang='lat' dir='ltr'><strong>Vl,</strong></span> <span class='ocrx_word' id='word_1_178' title='bbox 572 2530 614 2596; x_wconf 86' lang='grc'><strong>42</strong></span> <span class='ocrx_word' id='word_1_179' title='bbox 642 2542 675 2594; x_wconf 85' lang='lat' dir='ltr'><strong>et</strong></span> <span class='ocrx_word' id='word_1_180' title='bbox 704 2529 797 2594; x_wconf 88' lang='lat' dir='ltr'><strong>urbis</strong></span> <span class='ocrx_word' id='word_1_181' title='bbox 820 2530 953 2594; x_wconf 84' lang='lat' dir='ltr'><strong>Italicae</strong></span> <span class='ocrx_word' id='word_1_182' title='bbox 976 2553 1095 2595; x_wconf 88' lang='lat' dir='ltr'><strong>nomen</strong></span> <span class='ocrx_word' id='word_1_183' title='bbox 1119 2531 1320 2605; x_wconf 78' lang='grc' dir='ltr'><strong><em>Ποσειδανῖα,</em></strong></span> 
     </span>
     <span class='ocr_line' id='line_1_22' title="bbox 225 2631 1323 2722; baseline -0.004 -24"><span class='ocrx_word' id='word_1_184' title='bbox 225 2633 294 2699; x_wconf 91' lang='lat' dir='ltr'><strong>vid.</strong></span> <span class='ocrx_word' id='word_1_185' title='bbox 325 2631 357 2716; x_wconf 64' lang='grc' dir='ltr'><strong>ἓ.</strong></span> <span class='ocrx_word' id='word_1_186' title='bbox 380 2633 446 2709; x_wconf 87' lang='grc'><strong>24,</strong></span> <span class='ocrx_word' id='word_1_187' title='bbox 477 2631 508 2696; x_wconf 90' lang='grc'><strong>5.</strong></span> <span class='ocrx_word' id='word_1_188' title='bbox 544 2671 582 2680; x_wconf 93' lang='lat'><em>-</em></span> <span class='ocrx_word' id='word_1_189' title='bbox 629 2632 802 2698; x_wconf 88' lang='lat' dir='ltr'><strong>Postremo</strong></span> <span class='ocrx_word' id='word_1_190' title='bbox 836 2643 969 2720; x_wconf 75' lang='lat' dir='ltr'><strong>quartae</strong></span> <span class='ocrx_word' id='word_1_191' title='bbox 1002 2634 1126 2697; x_wconf 81' lang='lat' dir='ltr'><strong>formae</strong></span> <span class='ocrx_word' id='word_1_192' title='bbox 1160 2631 1323 2722; x_wconf 73' lang='lat' dir='ltr'><strong>genitivus</strong></span> 
     </span>
     <span class='ocr_line' id='line_1_23' title="bbox 228 2717 1358 2823; baseline -0.002 -24"><span class='ocrx_word' id='word_1_193' title='bbox 228 2738 352 2800; x_wconf 83' lang='grc' dir='ltr'><strong><em>Ποτιδᾶ</em></strong></span> <span class='ocrx_word' id='word_1_194' title='bbox 374 2733 479 2800; x_wconf 86' lang='lat' dir='ltr'><strong>estin</strong></span> <span class='ocrx_word' id='word_1_195' title='bbox 501 2733 657 2799; x_wconf 85' lang='lat' dir='ltr'><strong>Halotum</strong></span> <span class='ocrx_word' id='word_1_196' title='bbox 682 2734 865 2822; x_wconf 76' lang='lat' dir='ltr'><strong>fragmento</strong></span> <span class='ocrx_word' id='word_1_197' title='bbox 887 2735 974 2823; x_wconf 85' lang='lat' dir='ltr'><strong>apud</strong></span> <span class='ocrx_word' id='word_1_198' title='bbox 996 2734 1244 2817; x_wconf 79' lang='lat' dir='ltr'><strong>Herodianum,</strong></span> <span class='ocrx_word' id='word_1_199' title='bbox 1276 2757 1321 2798; x_wconf 86' lang='lat' dir='ltr'><strong>ac·</strong></span> <span class='ocrx_word' id='word_1_200' title='bbox 1357 2717 1358 2806; x_wconf 76' lang='lat' dir='ltr'><strong>l</strong></span> 
     </span>
     <span class='ocr_line' id='line_1_24' title="bbox 225 2835 1322 2927; baseline -0.004 -24"><span class='ocrx_word' id='word_1_201' title='bbox 225 2837 395 2903; x_wconf 86' lang='lat' dir='ltr'><strong>cusativus</strong></span> <span class='ocrx_word' id='word_1_202' title='bbox 409 2837 549 2901; x_wconf 78' lang='grc' dir='ltr'><strong><em>Ποτιδᾶν</em></strong></span> <span class='ocrx_word' id='word_1_203' title='bbox 568 2835 687 2922; x_wconf 86' lang='lat' dir='ltr'><strong>Epich.</strong></span> <span class='ocrx_word' id='word_1_204' title='bbox 703 2835 767 2918; x_wconf 85' lang='grc'><strong>62,</strong></span> <span class='ocrx_word' id='word_1_205' title='bbox 792 2836 959 2902; x_wconf 76' lang='lat' dir='ltr'><strong>vocativus</strong></span> <span class='ocrx_word' id='word_1_206' title='bbox 984 2837 1108 2901; x_wconf 79' lang='grc' dir='ltr'><strong><em>Ποτιδᾶ</em></strong></span> <span class='ocrx_word' id='word_1_207' title='bbox 1129 2836 1251 2927; x_wconf 84' lang='lat' dir='ltr'><strong>Soplrr.</strong></span> <span class='ocrx_word' id='word_1_208' title='bbox 1271 2835 1322 2916; x_wconf 86' lang='grc'><strong>21,</strong></span> 
     </span>
     <span class='ocr_line' id='line_1_25' title="bbox 225 2936 1322 3005; baseline -0.002 -1"><span class='ocrx_word' id='word_1_209' title='bbox 225 2949 258 3005; x_wconf 88' lang='lat' dir='ltr'><strong>et</strong></span> <span class='ocrx_word' id='word_1_210' title='bbox 281 2938 358 3004; x_wconf 89' lang='lat' dir='ltr'><strong>inde</strong></span> <span class='ocrx_word' id='word_1_211' title='bbox 387 2937 553 3003; x_wconf 85' lang='lat' dir='ltr'><strong>nominata</strong></span> <span class='ocrx_word' id='word_1_212' title='bbox 582 2948 633 3002; x_wconf 89' lang='lat' dir='ltr'><strong>est</strong></span> <span class='ocrx_word' id='word_1_213' title='bbox 655 2936 901 3004; x_wconf 82' lang='lat' dir='ltr'><strong>Corinthiorum</strong></span> <span class='ocrx_word' id='word_1_214' title='bbox 929 2939 1059 3005; x_wconf 85' lang='lat' dir='ltr'><strong>colonia</strong></span> <span class='ocrx_word' id='word_1_215' title='bbox 1083 2941 1254 3004; x_wconf 78' lang='grc' dir='ltr'><strong>Ποτίδαια.</strong></span> <span class='ocrx_word' id='word_1_216' title='bbox 1286 2973 1322 2986; x_wconf 79' lang='lat'>-</span> 
     </span>
     <span class='ocr_line' id='line_1_26' title="bbox 229 3039 1323 3130; baseline -0.005 -25"><span class='ocrx_word' id='word_1_217' title='bbox 229 3040 331 3107; x_wconf 88' lang='lat' dir='ltr'><strong>Vides</strong></span> <span class='ocrx_word' id='word_1_218' title='bbox 364 3041 503 3130; x_wconf 87' lang='lat' dir='ltr'><strong>primam</strong></span> <span class='ocrx_word' id='word_1_219' title='bbox 534 3049 567 3104; x_wconf 91' lang='lat' dir='ltr'><strong>et</strong></span> <span class='ocrx_word' id='word_1_220' title='bbox 597 3051 743 3127; x_wconf 87' lang='lat' dir='ltr'><strong>quartam</strong></span> <span class='ocrx_word' id='word_1_221' title='bbox 777 3041 913 3106; x_wconf 84' lang='lat' dir='ltr'><strong>formam</strong></span> <span class='ocrx_word' id='word_1_222' title='bbox 947 3040 1089 3107; x_wconf 72' lang='lat' dir='ltr'><strong>Herodoto</strong></span> <span class='ocrx_word' id='word_1_223' title='bbox 1125 3052 1159 3108; x_wconf 87' lang='lat' dir='ltr'><strong>et</strong></span> <span class='ocrx_word' id='word_1_224' title='bbox 1187 3039 1323 3109; x_wconf 82' lang='grc' dir='ltr'><strong><em>Ποτιδᾶς</em></strong></span> 
     </span>
     <span class='ocr_line' id='line_1_27' title="bbox 226 3140 1323 3233; baseline -0.006 -25"><span class='ocrx_word' id='word_1_225' title='bbox 226 3141 421 3208; x_wconf 84' lang='lat' dir='ltr'><strong>certissimis</strong></span> <span class='ocrx_word' id='word_1_226' title='bbox 451 3152 484 3206; x_wconf 89' lang='lat' dir='ltr'><strong>et</strong></span> <span class='ocrx_word' id='word_1_227' title='bbox 512 3140 710 3207; x_wconf 88' lang='lat' dir='ltr'><strong>testimoniis</strong></span> <span class='ocrx_word' id='word_1_228' title='bbox 742 3155 774 3211; x_wconf 90' lang='lat' dir='ltr'><strong>ct</strong></span> <span class='ocrx_word' id='word_1_229' title='bbox 796 3143 955 3233; x_wconf 85' lang='lat' dir='ltr'><strong>exemplis</strong></span> <span class='ocrx_word' id='word_1_230' title='bbox 977 3141 1177 3209; x_wconf 84' lang='lat' dir='ltr'><strong>confirmari.</strong></span> <span class='ocrx_word' id='word_1_231' title='bbox 1234 3143 1323 3208; x_wconf 81' lang='lat' dir='ltr'><strong>Hane</strong></span> 
     </span>
    </p>
   </div>
   <div class='ocr_carea' id='block_1_3' title="bbox 118 3243 1325 3335">
    <p class='ocr_par' dir='ltr' id='par_1_3' title="bbox 118 3243 1325 3335">
     <span class='ocr_line' id='line_1_28' title="bbox 118 3243 1325 3335; baseline -0.002 -26"><span class='ocrx_word' id='word_1_232' title='bbox 118 3259 128 3274; x_wconf 90' lang='lat'>&#39;</span> <span class='ocrx_word' id='word_1_233' title='bbox 226 3271 237 3308; x_wconf 90' lang='grc' dir='ltr'><strong><em>ι</em></strong></span> <span class='ocrx_word' id='word_1_234' title='bbox 265 3244 447 3334; x_wconf 84' lang='lat' dir='ltr'><strong>producere</strong></span> <span class='ocrx_word' id='word_1_235' title='bbox 476 3243 663 3310; x_wconf 76' lang='lat' dir='ltr'><strong>Meinekius</strong></span> <span class='ocrx_word' id='word_1_236' title='bbox 697 3245 738 3309; x_wconf 87' lang='lat' dir='ltr'><strong>ad</strong></span> <span class='ocrx_word' id='word_1_237' title='bbox 769 3245 890 3335; x_wconf 84' lang='lat' dir='ltr'><strong>Eupol.</strong></span> <span class='ocrx_word' id='word_1_238' title='bbox 914 3244 1026 3312; x_wconf 85' lang='lat' dir='ltr'><strong>Helot.</strong></span> <span class='ocrx_word' id='word_1_239' title='bbox 1050 3245 1073 3311; x_wconf 76' lang='lat'>6</span> <span class='ocrx_word' id='word_1_240' title='bbox 1099 3244 1267 3309; x_wconf 85' lang='lat' dir='ltr'><strong>intellexit</strong></span> <span class='ocrx_word' id='word_1_241' title='bbox 1286 3263 1325 3306; x_wconf 83' lang='lat' dir='ltr'><strong>cx</strong></span> 
     </span>
    </p>
   </div>
   <div class='ocr_carea' id='block_1_4' title="bbox 171 3342 1324 3741">
    <p class='ocr_par' dir='ltr' id='par_1_4' title="bbox 171 3342 1324 3741">
     <span class='ocr_line' id='line_1_29' title="bbox 225 3342 1321 3436; baseline 0.001 -25"><span class='ocrx_word' id='word_1_242' title='bbox 225 3345 445 3435; x_wconf 84' lang='lat' dir='ltr'><strong>Epicharmeo</strong></span> <span class='ocrx_word' id='word_1_243' title='bbox 472 3369 570 3412; x_wconf 84' lang='lat' dir='ltr'><strong>versu</strong></span> <span class='ocrx_word' id='word_1_244' title='bbox 599 3346 641 3411; x_wconf 82' lang='lat' dir='ltr'><strong>fr.</strong></span> <span class='ocrx_word' id='word_1_245' title='bbox 666 3345 709 3414; x_wconf 87' lang='grc'><strong>62</strong></span> <span class='ocrx_word' id='word_1_246' title='bbox 737 3359 769 3413; x_wconf 85' lang='lat' dir='ltr'><strong>ct</strong></span> <span class='ocrx_word' id='word_1_247' title='bbox 797 3348 942 3414; x_wconf 88' lang='lat' dir='ltr'><strong>nominis</strong></span> <span class='ocrx_word' id='word_1_248' title='bbox 973 3342 1134 3412; x_wconf 66' lang='grc' dir='ltr'><strong><em>Ποτίδαια</em></strong></span> <span class='ocrx_word' id='word_1_249' title='bbox 1162 3343 1321 3436; x_wconf 75' lang='lat' dir='ltr'><strong>analogia.</strong></span> 
     </span>
     <span class='ocr_line' id='line_1_30' title="bbox 171 3434 1324 3540; baseline -0.004 -26"><span class='ocrx_word' id='word_1_250' title='bbox 171 3434 180 3449; x_wconf 63' lang='grc'><em>’</em></span> <span class='ocrx_word' id='word_1_251' title='bbox 224 3447 307 3514; x_wconf 91' lang='lat' dir='ltr'><strong>lnde</strong></span> <span class='ocrx_word' id='word_1_252' title='bbox 331 3471 372 3514; x_wconf 91' lang='lat' dir='ltr'><strong>ne</strong></span> <span class='ocrx_word' id='word_1_253' title='bbox 396 3446 537 3513; x_wconf 80' lang='grc' dir='ltr'><strong><em>Ποτιδάν</em></strong></span> <span class='ocrx_word' id='word_1_254' title='bbox 562 3448 696 3540; x_wconf 83' lang='lat' dir='ltr'><strong>quidem</strong></span> <span class='ocrx_word' id='word_1_255' title='bbox 716 3448 857 3518; x_wconf 83' lang='lat' dir='ltr'><strong>mediam</strong></span> <span class='ocrx_word' id='word_1_256' title='bbox 887 3448 1048 3538; x_wconf 74' lang='lat' dir='ltr'><strong>syllabam</strong></span> <span class='ocrx_word' id='word_1_257' title='bbox 1071 3447 1240 3539; x_wconf 83' lang='lat' dir='ltr'><strong>corripere</strong></span> <span class='ocrx_word' id='word_1_258' title='bbox 1262 3443 1324 3513; x_wconf 92' lang='lat' dir='ltr'><strong>col·</strong></span> 
     </span>
     <span class='ocr_line' id='line_1_31' title="bbox 224 3543 1324 3642; baseline 0.001 -28"><span class='ocrx_word' id='word_1_259' title='bbox 224 3549 287 3638; x_wconf 67' lang='lat' dir='ltr'><strong>ligi</strong></span> <span class='ocrx_word' id='word_1_260' title='bbox 307 3559 434 3639; x_wconf 85' lang='lat' dir='ltr'><strong>potest,</strong></span> <span class='ocrx_word' id='word_1_261' title='bbox 458 3561 491 3616; x_wconf 91' lang='lat' dir='ltr'><strong>et</strong></span> <span class='ocrx_word' id='word_1_262' title='bbox 511 3550 638 3617; x_wconf 89' lang='lat' dir='ltr'><strong>accedit</strong></span> <span class='ocrx_word' id='word_1_263' title='bbox 657 3551 764 3619; x_wconf 84' lang='lat' dir='ltr'><strong>lonici</strong></span> <span class='ocrx_word' id='word_1_264' title='bbox 790 3553 956 3619; x_wconf 77' lang='grc' dir='ltr'><strong><em>Ποσιδέωο</em></strong></span> <span class='ocrx_word' id='word_1_265' title='bbox 978 3551 1154 3642; x_wconf 76' lang='lat' dir='ltr'><strong>analogia,</strong></span> <span class='ocrx_word' id='word_1_266' title='bbox 1178 3549 1272 3642; x_wconf 87' lang='lat' dir='ltr'><strong>quod</strong></span> <span class='ocrx_word' id='word_1_267' title='bbox 1289 3543 1324 3609; x_wconf 73' lang='lat' dir='ltr'><strong>in</strong></span> 
     </span>
     <span class='ocr_line' id='line_1_32' title="bbox 225 3646 1324 3741; baseline -0.004 -25"><span class='ocrx_word' id='word_1_268' title='bbox 225 3651 450 3741; x_wconf 71' lang='lat' dir='ltr'><strong>Etymologici</strong></span> <span class='ocrx_word' id='word_1_269' title='bbox 472 3650 618 3720; x_wconf 86' lang='lat' dir='ltr'><strong>Gudiaui</strong></span> <span class='ocrx_word' id='word_1_270' title='bbox 646 3653 720 3718; x_wconf 85' lang='lat' dir='ltr'><strong>loco</strong></span> <span class='ocrx_word' id='word_1_271' title='bbox 750 3654 848 3720; x_wconf 88' lang='lat' dir='ltr'><strong>allato</strong></span> <span class='ocrx_word' id='word_1_272' title='bbox 879 3653 931 3718; x_wconf 75' lang='grc' dir='ltr'><strong>διὰ</strong></span> <span class='ocrx_word' id='word_1_273' title='bbox 959 3657 1017 3720; x_wconf 78' lang='grc' dir='ltr'><strong>τοῦ</strong></span> <span class='ocrx_word' id='word_1_274' title='bbox 1046 3657 1205 3740; x_wconf 66' lang='lat' dir='ltr'><strong>increpavi</strong></span> <span class='ocrx_word' id='word_1_275' title='bbox 1226 3646 1324 3720; x_wconf 81' lang='lat' dir='ltr'><strong>scribi</strong></span> 
     </span>
    </p>
   </div>
   <div class='ocr_carea' id='block_1_5' title="bbox 223 3930 1322 4350">
    <p class='ocr_par' dir='ltr' id='par_1_5' title="bbox 223 3930 1322 4350">
     <span class='ocr_line' id='line_1_33' title="bbox 223 3930 1321 4012; baseline 0.01 -28"><span class='ocrx_word' id='word_1_276' title='bbox 223 3931 258 3987; x_wconf 80' lang='grc'><strong>62</strong></span> <span class='ocrx_word' id='word_1_277' title='bbox 277 3941 305 3985; x_wconf 79' lang='lat' dir='ltr'><strong>et</strong></span> <span class='ocrx_word' id='word_1_278' title='bbox 323 3930 427 4003; x_wconf 86' lang='lat' dir='ltr'><strong>Sophr.</strong></span> <span class='ocrx_word' id='word_1_279' title='bbox 448 3935 496 3995; x_wconf 79' lang='lat' dir='ltr'><strong>tl,</strong></span> <span class='ocrx_word' id='word_1_280' title='bbox 515 3933 633 3988; x_wconf 82' lang='lat' dir='ltr'><strong>deinde:</strong></span> <span class='ocrx_word' id='word_1_281' title='bbox 652 3933 667 3988; x_wconf 86' lang='grc' dir='ltr'><strong><em>δ</em></strong></span> <span class='ocrx_word' id='word_1_282' title='bbox 686 3937 713 3990; x_wconf 77' lang='lat' dir='ltr'><strong>dd</strong></span> <span class='ocrx_word' id='word_1_283' title='bbox 732 3934 793 3994; x_wconf 77' lang='grc' dir='ltr'><strong><em>τοὺς</em></strong></span> <span class='ocrx_word' id='word_1_284' title='bbox 811 3933 929 3994; x_wconf 66' lang='grc' dir='ltr'><strong>Εἵλωτας</strong></span> <span class='ocrx_word' id='word_1_285' title='bbox 947 3935 995 4006; x_wconf 72' lang='grc' dir='ltr'><strong>τὴν</strong></span> <span class='ocrx_word' id='word_1_286' title='bbox 1012 3941 1113 4008; x_wconf 71' lang='grc' dir='ltr'><strong>γενικήν</strong></span> <span class='ocrx_word' id='word_1_287' title='bbox 1129 3957 1205 4012; x_wconf 74' lang='grc' dir='ltr'><strong><em>φησι·</em></strong></span> <span class='ocrx_word' id='word_1_288' title='bbox 1224 3943 1321 4004; x_wconf 65' lang='lat' dir='ltr'><strong>ciuem</strong></span> 
     </span>
     <span class='ocr_line' id='line_1_34' title="bbox 223 4017 1320 4095; baseline 0.012 -22"><span class='ocrx_word' id='word_1_289' title='bbox 223 4017 328 4073; x_wconf 76' lang='grc' dir='ltr'><strong><em>Ποτιδᾶ</em></strong></span> <span class='ocrx_word' id='word_1_290' title='bbox 347 4021 444 4071; x_wconf 74' lang='lat' dir='ltr'><strong>noreio</strong></span> <span class='ocrx_word' id='word_1_291' title='bbox 461 4021 536 4086; x_wconf 85' lang='lat' dir='ltr'><strong>(cod.</strong></span> <span class='ocrx_word' id='word_1_292' title='bbox 555 4041 645 4085; x_wconf 75' lang='grc' dir='ltr'><strong><em>τεμενο</em></strong></span> <span class='ocrx_word' id='word_1_293' title='bbox 664 4052 692 4065; x_wconf 85' lang='grc'><strong>-</strong></span> <span class='ocrx_word' id='word_1_294' title='bbox 715 4026 832 4090; x_wconf 78' lang='grc' dir='ltr'><strong>ποντίῳ).</strong></span> <span class='ocrx_word' id='word_1_295' title='bbox 853 4053 885 4062; x_wconf 85' lang='grc'><strong>-·</strong></span> <span class='ocrx_word' id='word_1_296' title='bbox 922 4024 1077 4080; x_wconf 77' lang='lat' dir='ltr'><strong>Herodian.</strong></span> <span class='ocrx_word' id='word_1_297' title='bbox 1096 4027 1174 4086; x_wconf 84' lang='lat' dir='ltr'><strong>Oxx.</strong></span> <span class='ocrx_word' id='word_1_298' title='bbox 1193 4027 1251 4095; x_wconf 91' lang='grc'><strong>111,</strong></span> <span class='ocrx_word' id='word_1_299' title='bbox 1263 4025 1320 4086; x_wconf 70' lang='lat'><strong>²4¹2</strong></span> 
     </span>
     <span class='ocr_line' id='line_1_35' title="bbox 226 4100 1322 4188; baseline 0.005 -28"><span class='ocrx_word' id='word_1_300' title='bbox 226 4108 267 4160; x_wconf 92' lang='grc'><strong>10.</strong></span> <span class='ocrx_word' id='word_1_301' title='bbox 304 4104 412 4177; x_wconf 76' lang='grc' dir='ltr'><em>Δωριεῖς</em></span> <span class='ocrx_word' id='word_1_302' title='bbox 429 4107 601 4162; x_wconf 77' lang='grc' dir='ltr'><strong><em>Ποσειδὰν</em></strong></span> <span class='ocrx_word' id='word_1_303' title='bbox 617 4100 691 4164; x_wconf 74' lang='grc' dir='ltr'><strong><em>εἶπον</em></strong></span> <span class='ocrx_word' id='word_1_304' title='bbox 708 4108 846 4170; x_wconf 77' lang='grc' dir='ltr'>ὀξυτόνως,</span> <span class='ocrx_word' id='word_1_305' title='bbox 865 4110 970 4164; x_wconf 80' lang='lat' dir='ltr'><strong>deinde</strong></span> <span class='ocrx_word' id='word_1_306' title='bbox 990 4111 1007 4165; x_wconf 95' lang='grc'><strong>1.</strong></span> <span class='ocrx_word' id='word_1_307' title='bbox 1029 4115 1069 4166; x_wconf 83' lang='grc'><strong>17.</strong></span> <span class='ocrx_word' id='word_1_308' title='bbox 1107 4116 1214 4188; x_wconf 72' lang='grc' dir='ltr'><strong>Δωριεῖς</strong></span> <span class='ocrx_word' id='word_1_309' title='bbox 1229 4111 1322 4166; x_wconf 66' lang='grc' dir='ltr'><strong><em>Ποσει·</em></strong></span> 
     </span>
     <span class='ocr_line' id='line_1_36' title="bbox 224 4187 1319 4276; baseline 0.006 -32"><span class='ocrx_word' id='word_1_310' title='bbox 224 4187 274 4244; x_wconf 73' lang='grc' dir='ltr'><strong>δᾶν</strong></span> <span class='ocrx_word' id='word_1_311' title='bbox 289 4191 440 4262; x_wconf 70' lang='grc' dir='ltr'><strong><em>βαροτόνως</em></strong></span> <span class='ocrx_word' id='word_1_312' title='bbox 458 4193 477 4262; x_wconf 75' lang='grc' dir='ltr'><em>ἢ</em></span> <span class='ocrx_word' id='word_1_313' title='bbox 497 4197 538 4246; x_wconf 74' lang='grc' dir='ltr'><strong>καὶ</strong></span> <span class='ocrx_word' id='word_1_314' title='bbox 556 4195 687 4255; x_wconf 72' lang='lat' dir='ltr'><strong>Hotldar&#39;</strong></span> <span class='ocrx_word' id='word_1_315' title='bbox 711 4196 816 4252; x_wconf 68' lang='grc' dir='ltr'><strong>Αἰολεῖς</strong></span> <span class='ocrx_word' id='word_1_316' title='bbox 835 4195 953 4250; x_wconf 69' lang='grc' dir='ltr'><strong>Ποτιδὰν</strong></span> <span class='ocrx_word' id='word_1_317' title='bbox 968 4195 1108 4268; x_wconf 76' lang='grc' dir='ltr'>ὀξυτόνως,</span> <span class='ocrx_word' id='word_1_318' title='bbox 1138 4187 1210 4270; x_wconf 72' lang='lat' dir='ltr'><strong>qllte</strong></span> <span class='ocrx_word' id='word_1_319' title='bbox 1226 4209 1319 4276; x_wconf 62' lang='lat' dir='ltr'><strong>curm·</strong></span> 
     </span>
     <span class='ocr_line' id='line_1_37' title="bbox 225 4278 543 4350; baseline 0 -18"><span class='ocrx_word' id='word_1_320' title='bbox 225 4278 318 4348; x_wconf 83' lang='lat' dir='ltr'><strong>ptiora</strong></span> <span class='ocrx_word' id='word_1_321' title='bbox 335 4295 399 4334; x_wconf 82' lang='lat' dir='ltr'><strong>esse</strong></span> <span class='ocrx_word' id='word_1_322' title='bbox 416 4291 543 4350; x_wconf 82' lang='lat' dir='ltr'><strong>apparot.</strong></span> 
     </span>
    </p>
   </div>
   <div class='ocr_carea' id='block_1_6' title="bbox 0 0 1370 4820">
    <p class='ocr_par' dir='ltr' id='par_1_6' title="bbox 0 0 1370 4820">
     <span class='ocr_line' id='line_1_38' title="bbox 0 0 1370 4820; baseline 0 0"><span class='ocrx_word' id='word_1_323' title='bbox 0 0 1370 4820; x_wconf 95' lang='lat' dir='ltr'><strong> </strong></span> 
     </span>
    </p>
   </div>
  </div>
 </body>
</html>
