2746 4818
300 360 334 454 6.
357 359 418 440 47.
472 367 530 439 De
556 362 728 438 universa
755 363 903 437 Doride.
1080 365 1154 446 401

54 563 242 649 messit,
273 564 407 653 lugam,
440 578 477 632 ut
497 563 631 652 Ἰάρων,
661 563 872 648 Ἱππομέδων,
905 564 1152 651 Ἀρμοξίδαμος,

54 667 201 752 ἀνιοχίων
221 665 290 732 vid.
315 661 346 756 ἕ.
370 668 410 746 4,
435 669 455 734 3
478 691 572 759 seqq.
624 667 671 734 Ut
697 665 814 752 ‘Idpmv
838 667 908 754 jam
936 666 972 732 in
994 667 1155 736 flieronis

52 771 146 858 galea
168 791 285 858 aspero
306 768 504 836 instructam
526 769 707 859 reperitur,
739 768 786 835 ita
814 769 949 836 omniuo
969 767 1153 838 Dorienses

51 871 130 936 inde
153 895 172 936 a
194 869 311 960 quinto
332 871 402 938 lere
425 871 556 940 sacculo
578 872 685 963 asperi
708 871 844 961 spiritus
860 871 1056 938 amantiores
1073 873 1154 940 facti

50 997 125 1040 esse
147 971 321 1056 videntur,
343 973 443 1040 modo
463 976 500 1040 in
522 973 860 1056 eundem-rationem,
883 997 967 1062 quae
989 974 1076 1064 apud
1092 975 1152 1041 At·

48 1075 135 1142 ticos
157 1085 343 1164 spectatur,
366 1075 462 1143 modo
485 1077 534 1158 (in
556 1075 754 1167 quibusdam
777 1087 865 1143 certe
887 1075 1081 1166 generibus)
1103 1078 1153 1143 ul·

48 1191 99 1244 tra
120 1175 272 1244 Atticum
292 1200 400 1243 usum.
424 1217 467 1230 -
508 1177 702 1266 Digamma,
727 1177 824 1264 cnjus
845 1178 880 1243 in
902 1176 1030 1244 Doride
1052 1179 1153 1245 histo·

47 1279 135 1368 rian
166 1301 266 1367 supra
298 1277 537 1345 delineavimus
565 1281 598 1363 ᾗ.
631 1279 670 1364 5,
694 1280 735 1364 9,
769 1278 875 1369 prima
902 1279 960 1345 illa
989 1289 1093 1371 astute
1121 1293 1154 1347 et

47 1381 138 1472 apud
167 1401 282 1446 omnes
303 1380 487 1447 Dorienses
517 1381 769 1472 frequentatum
791 1404 865 1446 esse
894 1381 1024 1448 videtur
1052 1396 1086 1448 et
1112 1407 1152 1451 eo

45 1507 112 1550 usu
134 1505 155 1548 e
176 1505 301 1550 summa
323 1482 518 1572 antiquitate
538 1482 676 1565 trudito,
704 1505 801 1571 qnam
823 1494 937 1570 postea
958 1483 1030 1572 ipsa
1050 1485 1151 1553 Dori-

46 1586 103 1652 dis
140 1607 262 1675 gencra
298 1607 377 1674 prae
415 1582 556 1674 reliquis
592 1584 722 1673 priscae
754 1583 847 1650 illin's
880 1583 996 1650 literne
1026 1591 1154 1654 tenacia

44 1694 326 1778 aspernarentur,
360 1709 427 1777 quo
448 1685 616 1774 pertinent
635 1687 752 1761 ulr'dihc
774 1695 807 1750 et
829 1685 970 1750 mettin
992 1687 1153 1777 antiquis·

45 1792 135 1856 simo
158 1788 254 1855 titulo
279 1788 443 1856 Crissaeo.
487 1787 632 1878 Antiqui
659 1810 742 1852 usus
769 1786 891 1852 turhati
917 1787 1058 1876 primum
1083 1813 1154 1856 cer·

42 1903 117 1957 tum
140 1893 329 1980 exemplum
349 1901 401 1956 est
422 1891 469 1956 Δι’
487 1912 549 1979 pro
564 1891 652 1956 Anu'
670 1889 706 1953 in
731 1888 844 1954 cadem
866 1889 959 1976 galea
981 1890 1150 1957 Hieronis.

40 1993 182 2060 Deinde
212 1993 249 2058 in
278 1991 423 2080 singulis
444 1991 583 2058 Doridis
611 1989 789 2080 generibus
814 1991 976 2079 digamma
998 1991 1153 2059 diversis·

42 2097 135 2162 sima
157 2097 223 2163 lota
239 2106 416 2183 expertum
438 2105 500 2160 est.
523 2129 566 2142 -
606 2092 662 2160 Ad
693 2093 829 2159 eandem
851 2092 988 2158 Doridis
1017 2103 1154 2162 aetatem

38 2197 228 2264 referimus
248 2196 365 2274 literae
387 2196 504 2286 lioppa
532 2220 648 2299 usurp3
683 2195 827 2261 nummis
857 2194 965 2272 enim,
999 2197 1057 2285 qui
1086 2197 1154 2287 pri·

38 2323 139 2366 scam
163 2299 438 2368 consuetudinem
459 2298 580 2364 imitari
600 2307 729 2380 amant,
752 2298 892 2364 fortasse
914 2298 1080 2387 exceptis,
1101 2323 1153 2366 re·

35 2398 279 2468 centissimu'm
307 2400 496 2490 exemplum
515 2401 554 2466 iu
576 2399 675 2465 titulo
698 2397 739 2463 (3.
762 2399 791 2463 1.
816 2423 865 2463 nr.
884 2399 946 2464 166
967 2421 1042 2466 esse
1063 2401 1153 2468 vide-

35 2517 126 2584 tur,
159 2525 259 2590 quem
281 2501 470 2570 Boeehhins
492 2501 533 2568 ad
555 2525 589 2566 n.
613 2500 677 2566 457
699 2523 729 2565 a.
756 2499 836 2564 Chr.
859 2499 984 2565 retulit.
1008 2537 1050 2551 -
1088 2501 1153 2568 Ce..

31 2618 157 2673 terum
176 2603 247 2688 jam
269 2604 306 2670 in
335 2604 471 2695 antiqua
494 2601 623 2670 Doride
651 2601 816 2668 veriorum
850 2624 1008 2690 generum
1037 2602 1152 2672 discri·
1209 2681 1212 2684 ,

30 2733 125 2779 men
147 2717 294 2796 apparet.
417 2702 420 2708 ’

87 2837 93 2845 ·
133 2807 262 2876 Melius
291 2807 332 2874 de
359 2803 490 2874 media
510 2803 649 2872 Doridis
670 2815 774 2874 aetate
794 2815 933 2872 constat.
989 2805 1041 2873 Eo
1064 2809 1155 2878 enim

26 2921 179 3004 practer
201 2907 437 2999 inscriptiones
458 2909 570 2997 paullo
592 2907 705 2998 plures
729 2919 762 2974 ct
783 2907 972 2999 puriores,
995 2909 1151 3002 Epichar-

22 3037 120 3083 mus
155 3022 190 3076 et
223 3009 378 3100 Sophron
412 3010 604 3100 pertinent,
649 3011 885 3100 Aristophanis
912 3011 1078 3079 Laconica
1108 3027 1155 3080 at·

23 3141 111 3211 que
144 3113 314 3200 Megarica
347 3110 397 3196 (ut
429 3114 536 3179 fontes
569 3113 792 3203 suspectiores
819 3124 875 3178 ant
904 3115 1014 3178 minus
1042 3115 1154 3205 largos

20 3219 278 3298 omittamus),
301 3223 466 3306 postremo
488 3215 667 3304 pleraque,
690 3239 773 3306 quac
796 3215 998 3303 grammatici
1022 3213 1064 3282 de
1084 3217 1155 3284 Do·

17 3324 118 3393 ride
146 3317 315 3394 tradunt„
345 3316 395 3382 Ea
416 3327 525 3382 tamen
548 3316 683 3385 dialecti
704 3318 808 3383 forma
827 3315 917 3380 hand
937 3317 1055 3382 leviter
1077 3318 1157 3384 inde

15 3429 74 3496 ab
108 3417 302 3490 Alexandri
331 3428 478 3509 tempore
506 3425 628 3484 mutata
657 3429 691 3484 et
713 3427 863 3506 corrupta
885 3425 940 3483 est
956 3419 1075 3507 purtim
1096 3426 1156 3484 At-

11 3533 133 3600 ticae
155 3521 295 3610 linguae
320 3521 426 3610 magis
448 3521 621 3612 magisque
650 3519 849 3587 dominantis
877 3520 1051 3610 contagio,
1084 3545 1157 3610 par·

6 3638 98 3703 tim
136 3625 291 3708 interna,
332 3633 369 3688 nt
396 3622 442 3689 ita
472 3620 598 3700 dicam,
630 3621 761 3689 dialecti
783 3623 1012 3690 conversione.
1065 3623 1157 3689 Haec

1 3731 150 3808 facilc
172 3722 367 3816 agnoscitur
387 3725 423 3791 in
443 3723 506 3810 iis,
531 3749 618 3817 quse¹
639 3725 800 3793 diversam
822 3725 862 3792 ah
885 3725 997 3791 Attica
1020 3748 1158 3792 consue-

1 3833 167 3910 tudine
183 3827 352 3894 ustionem
375 3838 634 3917 assumpserunt.
681 3825 748 3893 Sed
769 3851 812 3893 ne
833 3851 871 3893 ea
893 3825 1046 3916 quidem,
1074 3851 1158 3918 quae
1241 3901 1245 3910 ἱ
1358 3875 1363 3886 .

1 3949 53 4016 1„
90 3929 238 4006 recenti
258 3929 387 3996 Doride
415 3943 529 3998 contra
558 3929 778 4020 antiquiorem
802 3949 900 3994 usum
923 3952 997 3994 cum
1018 3928 1158 3994 Atthide

1 4032 267 4126 conspirant,
289 4030 400 4098 omnia
422 4055 464 4100 ex
484 4036 547 4100 hae
567 4031 641 4122 ipsa
657 4031 797 4100 derivari
811 4041 959 4121 oportet3
982 4031 1055 4096 fieri
1071 4030 1160 4097 enim

1 4144 182 4250 p„terat
203 4145 241 4200 nt
256 4132 360 4200 Doris
381 4134 563 4202 recentiore
583 4145 730 4224 tempore
751 4134 794 4201 ad
815 4134 946 4199 easdem
962 4130 1160 4199 mutationes
1253 4201 1255 4204 ,

1 4250 171 4355 ,Ροιιῑε
200 4235 425 4322 delaberetur,
460 4257 543 4328 quas
575 4236 688 4310 Atthis
717 4235 822 4304 multo
849 4236 944 4324 prins
973 4232 1158 4326 probasset.
1258 4281 1260 4286 .

53 4375 139 4452 Π.
386 4430 391 4435 .
918 4365 961 4431 26
