2716 4818
197 305 275 382 elo
608 304 666 376 Dc
690 298 888 378 vocalibus.

199 503 302 586 μήὸης
322 503 357 568 in
386 501 482 570 titulo
510 502 616 570 honae
645 505 762 572 aetatis
792 529 843 570 nr.
868 499 987 590 1896),
1031 501 1191 594 Epidanr.
1215 499 1291 570 1183

205 606 390 691 Θεύδονρος,
423 603 459 668 in
491 605 638 695 Erycino
668 605 821 676 Torrcm.
844 605 924 689 XV,
947 605 989 671 47
1010 603 1229 690 Κλευκράτης,
1259 603 1291 667 in
1343 655 1344 658 ,

198 707 368 776 Messanio
390 707 427 790 l,
451 705 493 772 16
519 711 664 793 esurite,
688 709 724 773 in
745 707 889 774 nummis
910 690 1105 774 Tarentinis
1122 705 1293 788 Νουμήνιος
1343 703 1344 732 ¹

199 803 329 878 Mionn.
355 809 475 874 Πόνον.
499 809 515 873 l
539 833 571 900 p.
598 811 780 892 136142,
803 809 922 900 Suppl.
946 809 964 876 Ι
985 809 1198 901 p.180(sed
1225 805 1293 875 Θού-

201 917 304 998 δονρος
325 911 459 977 Her-acl.
495 909 529 995 l,
553 909 644 998 134).
690 911 799 980 Valde
827 912 962 978 dubium
991 911 1121 979 videtur
1153 909 1294 986 Θεύξννος
1343 903 1344 926 ’

199 1012 542 1105 Delph.1702,17,
574 1039 675 1106 quarm
702 1011 852 1089 Θεόξενος
873 1011 918 1078 sit
939 1013 1043 1096 1703,
1077 1014 1201 1080 mensis
1227 1019 1294 1078 Θιο-
1343 1013 1344 1062 l

201 1118 300 1193 ξένιος
322 1114 405 1184 1790
426 1128 489 1181 etc.
523 1157 562 1168 -
605 1116 712 1184 Vides
734 1119 815 1183 haec
837 1116 1050 1184 contrahendi
1071 1137 1196 1183 rnorem
1216 1111 1295 1204 apul

200 1219 377 1310 plerosque
405 1215 619 1284 Doriensinm
647 1230 704 1286 aut
735 1241 903 1308 nunqnam
932 1227 987 1283 ant
1016 1219 1140 1284 recenti
1171 1217 1295 1282 demun

201 1335 347 1410 tempore
368 1319 518 1410 viguisse
539 1317 664 1406 videri,
685 1321 797 1409 paullo
820 1319 988 1410 antiquior
1008 1321 1108 1386 luerit
1128 1320 1217 1410 apnrl
1231 1341 1295 1402 eos,

203 1422 261 1514 qui
283 1423 319 1487 in
342 1419 481 1510 reliquis
504 1445 537 1484 ευ
559 1423 928 1498 contrahendocfficere
950 1437 1201 1490 consueverant.

286 1527 321 1602 4)
358 1523 627 1608 Quarta-vocales
643 1549 676 1590 co
692 1524 905 1592 contrahendi
918 1525 1015 1608 ratio,
1037 1549 1120 1616 quae
1135 1524 1224 1615 apud
1234 1523 1295 1589 Do·

202 1627 330 1694 ricnses
352 1625 494 1711 valebat,
516 1626 665 1716 vulgaris
682 1639 733 1696 cst
746 1627 817 1712 illa,
840 1651 904 1718 qna
926 1625 962 1690 in
984 1651 1021 1692 ον
1040 1627 1295 1714 conjunguntur.

204 1728 279 1812 Qua
301 1728 358 1819 qui
388 1738 546 1811 utuntur,
582 1753 622 1793 εω
645 1729 680 1794 in
703 1755 727 1793 ω
750 1729 941 1794 contrahere
964 1728 1083 1794 solent.
1139 1729 1296 1796 Observa·

139 1831 143 1848 '
203 1843 258 1896 tnr
285 1853 364 1897 vero
393 1831 532 1896 maxime
561 1829 596 1895 in
625 1831 732 1897 titolis
752 1830 912 1897 Thoracis
943 1841 976 1896 et
1003 1831 1214 1920 Anaphaeis,
1247 1829 1297 1896 nbi

203 1956 308 2024 panea
320 1919 455 2014 tertiani¹
463 1933 623 1998 rationem
638 1934 809 2024 sequentia
824 1921 981 2012 vidimus,
1004 1933 1040 1998 in
1055 1933 1200 2000 Rhodiis
1213 1957 1297 2025 prae·

203 2048 256 2102 ter
276 2036 442 2126 genitivos
463 2035 498 2098 in
522 2060 573 2109 ους
594 2047 772 2119 exeuntes,
807 2036 841 2100 in
864 2033 1049 2126 Megaricae
1072 2035 1205 2101 dialecti
1235 2037 1297 2102 lon·

204 2137 316 2220 tibus,
349 2136 385 2202 in
406 2136 512 2202 titulis
537 2137 754 2226 Corcyraeis,
797 2137 904 2204 rarins
933 2139 969 2203 in
997 2138 1102 2205 titulis
1126 2137 1253 2206 Siculis
1271 2147 1299 2202 et

205 2239 293 2330 apud
316 2237 492 2326 scriptores
515 2239 660 2306 Siculos.

291 2339 324 2430 a)
368 2341 408 2404 ln
435 2339 673 2430 conjugatione
704 2351 867 2409 contracta
896 2341 1090 2409 Heraclides
1122 2341 1210 2430 apud
1239 2340 1298 2406 En·

207 2445 304 2508 stath.
329 2443 426 2525 1557,
448 2442 492 2510 40
518 2467 579 2533 pro
600 2441 725 2511 Dorico
753 2445 846 2509 affert
876 2449 1019 2510 ποιοῦντι
1040 2455 1072 2511 et
1095 2443 1298 2535 reperiuntur

206 2547 243 2612 in
264 2545 365 2613 Ther.
387 2545 473 2613 2448
496 2543 734 2630 ἀφαιρούντων,
758 2544 992 2629 ἀφαιρούμενος
998 2597 1010 2624 ,
1033 2551 1203 2630 ποιοῦντα,
1227 2551 1300 2611 ἕνον·

208 2651 353 2725 κούντες,
386 2651 525 2727 νοοῦσα,
561 2655 745 2734 φρονοῦσα,
779 2647 899 2715 deinde
927 2654 1057 2713 ποιοῦντι
1063 2698 1075 2726 ,
1110 2647 1298 2733 ἀφαιρῶνται

206 2775 268 2842 pro
290 2752 452 2832 ποιέοντι,
477 2749 708 2838 ἀφαιρέονταις
730 2751 863 2843 Anapis.
880 2751 976 2819 2477.
991 2751 1077 2818 2489
1098 2752 1297 2834 καλούμενοςς

208 2853 381 2920 Hermion.
416 2853 498 2920 1193
530 2855 716 2937 ἔπιδαμῦντι
748 2854 1003 2941 conjunctivus,
1048 2852 1198 2918 Messon:
1226 2851 1298 2920 1339

208 2959 448 3040 καρτεροῦντες,
492 2954 621 3046 Megas.
653 2957 737 3024 1052
769 2955 975 3040 ἐστρατάγονν
1007 2967 1039 3020 et
1067 2953 1214 3020 Achai-n.
1242 2952 1299 3018 696

208 3057 366 3141 ἐπόθουν,
389 3056 526 3148 Corcyr.
553 3058 636 3127 1845
657 3058 829 3138 ποιούνοιο,
853 3063 1026 3132 ποιοῦντες.
1071 3057 1116 3122 Et
1138 3057 1225 3146 apud
1245 3059 1296 3120 hos

210 3160 341 3250 quidem
364 3159 428 3227 alia
449 3161 484 3225 in
512 3160 623 3226 verbis
653 3163 831 3229 contractio
859 3186 926 3228 non
954 3161 1127 3250 reperitur.
1183 3159 1297 3224 Eadem

210 3274 263 3331 est
284 3263 318 3328 in
342 3261 448 3346 titulis
469 3262 612 3328 Rhodiis
634 3264 766 3349 2525,1ν
786 3269 944 3347 τιμούντες
964 3289 983 3329 a
1004 3265 1100 3344 τιμεῖν
1120 3287 1181 3352 pro
1202 3264 1296 3344 τιμᾶν,

209 3365 295 3434 2995
317 3366 525 3449 ν’μκαλοῦντες,
549 3371 786 3449 μαρτυροῦντες,
811 3369 967 3441 οἰκοῦντες
987 3366 1061 3445 (scal
1076 3367 1206 3430 ἐπαινέω
1221 3362 1299 3456 apud

208 3469 496 3550 Timocreontem,
529 3468 618 3559 qnod
639 3469 810 3558 sy'nizesin
831 3469 1011 3558 postulat),
1043 3467 1129 3560 apud
1153 3468 1298 3558 Epichar

211 3597 300 3637 mum
328 3573 485 3662 leguntur
518 3575 659 3636 καλοῦσα
692 3572 733 3636 lr.
763 3572 825 3655 82,
861 3569 1076 3653 φθονούμενος
1107 3571 1187 3654 137,
1221 3567 1298 3660 apud

210 3673 417 3764 Sophronem
428 3671 471 3739 97
495 3671 699 3755 ἄνδούμινος,
723 3674 781 3739 scd
803 3675 959 3768 certiores
981 3673 1068 3763 apud
1081 3671 1214 3740 eosdem
1232 3679 1298 3738 snnt

211 3778 335 3841 lormae
364 3798 430 3840 non
461 3786 658 3841 contractae.
717 3775 744 3840 E
778 3775 906 3864 vulgari
937 3775 1050 3865 lingna
1078 3777 1162 3840 hanc
1184 3787 1296 3840 contra·

117 3923 121 3929 -
210 3878 351 3944 ctionem
379 3877 415 3942 in
443 3878 643 3946 recentiores
671 3877 786 3945 titulos
816 3876 1000 3966 Delphicos
1032 3878 1155 3966 illatanr
1181 3877 1295 3965 judica·

210 4003 304 4065 mue,
337 3991 375 4048 ul
399 3979 482 4048 1693
512 3979 756 4065 ἀφικνούμενος,
793 3981 888 4048 1699.
921 3981 1003 4048 1793
1031 3983 1187 4060 ποιοῦσα,
1225 3973 1294 4046 1794

210 4085 311 4148 ποιῦν
331 4105 392 4172 pro
414 4083 530 4149 lor-mis
552 4107 618 4149 non
641 4083 833 4167 contractis,
857 4083 976 4149 deinde
995 4082 1029 4148 in
1047 4082 1199 4172 ΑοΐῃνοΙ.
1209 4075 1291 4150 2485·

213 4183 262 4251 lll
286 4183 535 4270 προαιρούμενος
554 4210 615 4276 pro
637 4185 896 4273 προαιρούμενος.
