2726 4820
223 368 255 461 §.
270 327 344 447 ⁴35.
397 373 454 446 De
479 385 721 471 systematum
750 367 983 444 formatione.
1079 367 1157 448 285

143 574 247 642 Siculi
280 577 544 644 terminationem
582 583 646 654 αζω
679 601 804 644 amasse
834 578 1022 644 referuntur
1036 581 1065 658 ²)
1096 603 1157 668 pro

70 677 184 768 vulgari
206 705 271 758 αω,
304 690 342 744 ut
371 679 505 764 σιγάζω,
537 679 666 756 ἁνιάζω.
722 680 808 766 Ejus
838 679 970 768 generis
992 703 1080 744 nunc
1103 703 1157 745 su·

69 793 165 868 pprest
186 781 403 866 ἀκροαζομένα
425 781 545 874 Epich.
569 783 610 853 75
640 780 682 846 ah
712 780 909 864 ἀκροᾶσθαι.
964 782 1082 872 Neque
1110 793 1157 847 ta·

68 905 131 948 meu
152 885 257 950 solum
279 908 435 974 praesens
458 909 495 951 ea
518 885 696 950 mutatione
717 895 839 948 tactum
855 896 924 967 est,
948 883 1007 948 sed
1028 883 1157 974 reliqua

69 1008 185 1076 quoque
208 997 384 1075 systemata
406 1010 479 1052 cum
503 985 695 1053 nominihus
717 983 907 1050 verbalibus
930 986 1044 1052 affecta
1066 998 1154 1052 sunt.

67 1084 138 1152 Nam
169 1089 321 1176 χαλάξαι,
362 1090 488 1173 pridem
515 1091 601 1179 apud
632 1087 834 1171 Pindarum,
878 1087 938 1178 qui
968 1086 1157 1155 Siculorum

67 1211 177 1258 morem
198 1191 321 1258 imitari
343 1191 492 1275 videtur,
532 1203 565 1257 et
585 1190 801 1256 Theocritum
824 1189 865 1254 ad
886 1187 1010 1258 Dorica
1031 1190 1156 1275 χαλάζω

67 1300 94 1357 st
110 1293 222 1376 γελάζω
247 1293 418 1360 reserenda
448 1317 522 1360 esse
542 1293 715 1376 videntur,
750 1293 1004 1380 Epicharmeum
1038 1318 1158 1376 σκυφο-

67 1392 276 1473 adransoc'ad
297 1396 445 1474 κωυάζω,
481 1395 640 1481 ἆάβακτος
661 1395 703 1460 ad
726 1393 813 1469 ἆάζω
835 1406 917 1472 etc„
952 1395 1019 1461 vid.
1043 1395 1076 1479 ξ.
1101 1396 1155 1479 11,

65 1496 91 1560 l.
112 1499 142 1563 l.
196 1499 351 1566 Ceterum
383 1499 496 1581 vides,
529 1522 596 1565 nou
627 1497 737 1564 omnia
766 1498 847 1562 haec
871 1494 995 1563 Siculis
1024 1497 1157 1588 propria

65 1621 137 1665 csse.
194 1601 312 1668 Simile
333 1612 501 1692 praeterea
534 1611 585 1666 est
616 1597 720 1673 κλάζω
743 1607 797 1662 aut
830 1596 934 1676 κλᾴζω
964 1623 1025 1687 pro
1058 1599 1156 1683 κλᾴω,

10 1759 11 1764 ,
66 1705 161 1789 κλείω,
197 1704 264 1770 vid.
289 1704 321 1787 ἓ.
348 1705 452 1788 ll,2
481 1712 514 1768 ct
542 1706 575 1786 ξ.
599 1703 661 1785 19,
685 1699 726 1783 6,
760 1697 849 1764 uude
870 1700 1018 1764 futurum
1040 1706 1156 1779 κλαξῶ,

63 1816 90 1867 et
102 1805 303 1876 Laconicum
325 1805 414 1882 πάζω
434 1828 496 1895 pro
513 1803 624 1883 uado,
649 1800 739 1893 quod
761 1800 972 1888 cognoscitur
994 1824 1012 1866 c
1033 1803 1157 1888 glossis

64 1904 277 1996 Hesychianis
300 1907 457 1991 ἆμπάξαι,
489 1903 689 1973 desuadeas·
718 1901 873 1979 Λάκωνες
894 1915 927 1970 et
948 1902 1155 1988 ἀμπάζοπαι,

10 2087 12 2092 ,
64 2005 276 2079 ἀναπαύονται.

10 2165 11 2174 a
137 2115 439 2182 Commemoramus
470 2112 566 2179 etiam
587 2110 747 2176 Doricum
778 2109 897 2176 σκιυόω
918 2133 978 2200 pro
1002 2107 1155 2189 σκευάζω,

62 2215 136 2282 unde
156 2218 195 2282 in
218 2216 321 2282 Ther.
341 2217 426 2285 2448
447 2217 604 2302 leguntur
626 2212 836 2278 succensuimus
857 2213 921 2298 lv,
944 2213 985 2278 13
1007 2222 1040 2281 et
1060 2238 1158 2278 κατα-

64 2323 203 2398 sumundi
219 2318 323 2401 VIII,
345 2320 411 2402 25,
434 2317 554 2408 quihus
576 2316 705 2394 inducti
728 2339 860 2396 sumus,
885 2326 922 2380 ut
941 2339 1047 2405 nuper
1070 2315 1158 2405 apud

62 2417 259 2513 Aeschylum
288 2421 432 2487 Eumeu.
454 2419 518 2486 604
550 2419 789 2506 παρεσκεὺωσεν
820 2442 881 2509 pro
912 2417 1156 2499 παρεσκὴνωσεν

9 2583 10 2586 ,
62 2518 155 2606 (llled.
180 2524 403 2608 παρὲσκωσεν)
425 2520 706 2611 proposuerimus.

132 2628 167 2702 2)
215 2627 255 2692 lu
285 2623 468 2716 perfecti
499 2623 694 2689 formatione
724 2623 866 2711 primum
900 2621 941 2688 de
973 2622 1157 2712 reduplica-

58 2724 138 2794 tionc
161 2728 221 2797 vel
242 2739 417 2816 augmento
440 2726 533 2791 illius
553 2725 676 2793 vicario
697 2724 875 2792 videndum
897 2735 958 2790 cst.
1012 2724 1156 2817 Stirpes,

9 2875 11 2920 2
58 2851 134 2916 quae
157 2853 340 2898 consonam
363 2829 397 2895 iu
419 2829 528 2896 fronte
549 2828 693 2912 hahent,
716 2829 802 2894 nihil
825 2828 894 2894 fere
916 2849 935 2892 a
956 2828 1085 2918 vulgari
1107 2853 1157 2896 ra·

57 2928 138 2999 tione
162 2933 366 3022 discrepant.
419 2931 665 3020 dogmatum,
700 2941 735 2996 ut
757 2930 879 3019 vulgo,
913 2942 963 2995 est
982 2930 1019 2995 iu
1041 2930 1159 3017 ἔῤῥηγα

9 3049 36 3124 ἵ·
57 3030 184 3102 Heracl.
211 3058 230 3099 a
253 3034 401 3118 ῥήγνυμι,
426 3045 538 3101 contra
558 3033 775 3122 reduplicatio
798 3033 835 3097 iu
853 3032 1100 3116 βεβλαστάκοντι
1121 3035 1157 3100 in

54 3131 190 3224 Lysidis
222 3137 363 3227 epistola
395 3161 429 3226 p.
460 3137 523 3219 53,
558 3159 659 3225 quum
688 3136 789 3224 vulgo
821 3134 863 3200 sit
891 3134 1091 3222 ἐβλάστηκα,
1130 3161 1159 3200 ss

9 3325 10 3330 η
55 3259 107 3324 pro
130 3238 395 3329 reduplicatione
417 3237 547 3328 vulgari
568 3237 668 3305 modo
690 3249 740 3302 est
762 3237 798 3301 iu
821 3237 932 3318 εἴρηκα
947 3235 1057 3302 Rhod.
1072 3236 1157 3305 29⁰5

53 3349 82 3404 et
103 3343 230 3425 εἰλάφει
252 3335 355 3407 Phoc.
381 3341 422 3406 73
444 3341 513 3424 R„
537 3363 638 3430 quum
659 3339 695 3404 in
718 3339 904 3424 subjectivo
929 3338 1017 3428 apud
1036 3338 1157 3406 Archi·

53 3447 179 3512 medem
203 3455 343 3534 utraque
365 3443 469 3509 forma
490 3442 685 3532 reperiatur,
709 3443 852 3522 εἴλαμμαι
874 3443 1070 3524 εῐλέλαμμαι
1089 3441 1156 3507 vid.

51 3543 80 3625 ᾗ.
103 3549 158 3616 42.
209 3545 336 3612 Ibidem
360 3546 401 3611 de
423 3544 547 3611 Dorico
576 3543 734 3628 ε”μβραμαι
761 3567 822 3633 pro
852 3551 1001 3626 εἴμαρμαι
1030 3543 1158 3610 dicetur

52 3657 82 3710 et
110 3649 152 3716 de
185 3648 357 3715 Rhodiaca
388 3649 533 3732 εἴσχημαι
560 3670 621 3736 pro
648 3645 783 3731 ἔσχημαι
811 3644 853 3710 ah
884 3644 955 3732 ἔχω.
990 3685 1032 3697 -
1088 3645 1158 3712 Eae

82 3931 111 3996 2)
152 3931 270 3984 Heracl.
298 3946 343 3999 ap.
370 3926 506 3984 susino·
520 3932 604 3995 1654,
630 3932 672 3985 18.
707 3933 746 3995 βῶ
771 3927 844 3996 βάζω
870 3931 1009 3988 Σικελικῶς
1034 3927 1101 3982 κατὰ
1125 3927 1156 3982 τὸ

48 4021 108 4079 coo
127 4013 242 4082 σνγάζω,
261 4016 325 4069 ἀνιῶ
343 4013 457 4079 ἀνιάζει),
477 4015 611 4083 oltrudis),
630 4015 743 4074 πελάζω.
764 4047 796 4057 -
834 4015 987 4070 Herodian.
1006 4015 1042 4068 Η.
1062 4016 1155 4069 Adon.

47 4101 187 4169 ttss5,b
213 4113 240 4157 et
268 4103 397 4172 Append.
417 4105 462 4157 Et.
484 4105 559 4159 Gud.
579 4107 647 4172 661,
666 4106 708 4159 48.
743 4103 770 4155 ἐκ
786 4107 834 4156 τοῦ
853 4107 892 4164 φῶ
910 4101 977 4155 κατὰ
997 4099 1158 4173 παραγωγὴν

46 4189 172 4260 Λωρικὴν
198 4181 284 4252 oded,
311 4191 386 4244 unde
403 4187 508 4258 φαύζω,
534 4190 653 4254 uadoso,
680 4193 817 4254 πιφαύσκω
841 4192 944 4245 sactum
968 4187 1091 4258 dicitur,
1119 4189 1155 4243 cs.

45 4274 66 4339 d.
89 4279 124 4330 12
152 4287 213 4332 not.
233 4279 256 4331 8.
