2716 4818
231 357 305 436 178
600 333 601 340 ἵ
639 359 697 432 Dc
720 337 919 432 vocalibus.

229 545 310 632 satis
332 561 627 662 demonstravimus
656 563 698 628 L.
714 562 731 625 Ι
758 562 790 644 §.
816 562 878 646 10,
908 561 951 626 L.
968 499 1056 644 llss.
1075 561 1184 644 tls
1167 583 1243 640 ωρας
1259 576 1306 645 pro

231 669 316 752 cipue
340 678 451 732 uatum
481 675 533 729 cst
560 655 601 730 eai
629 663 862 754 antiquissimo
888 663 1014 746 cipere,
1048 663 1144 738 aste·
1151 685 1208 752 pro
1229 653 1307 729 θεοὺς

230 771 283 836 vel
311 769 396 843 θεώς
424 791 442 831 e
470 766 581 844 θεόος,
620 765 741 848 πράξας
771 790 790 831 e
820 765 979 890 πράξαις,
1012 766 1118 851 papiae
1146 787 1164 828 e
1194 761 1306 862 Jupiter,

230 870 427 961 quibuscum
449 892 599 958 compara
622 868 719 934 ctiam
742 869 774 944 ἐς
795 867 856 957 pro
877 871 947 946 ἐνς,
972 871 1036 952 εἰς,
1059 859 1176 932 deiude
1198 863 1269 946 λέγει
1286 869 1344 922 ct

230 973 322 1056 βαλέν
343 996 362 1037 e
384 979 542 1054 λεγεμπαι,
561 977 714 1052 catepano
735 969 803 1034 vid.
829 970 871 1034 L.
892 955 962 1052 l§.
986 970 1039 1035 14.
1084 968 1198 1056 Neque
1220 964 1309 1028 adver·

233 1087 342 1158 satur,
377 1073 505 1161 quod
496 1096 531 1136 ιιι
562 1073 632 1156 ὥρα
663 1083 695 1136 ct
724 1071 892 1137 similibus
923 1097 944 1134 α
972 1081 1085 1137 nature
1107 1070 1312 1157 longumcst,

232 1200 307 1242 uam
329 1175 364 1240 in
397 1173 626 1264 antiquissime
655 1175 758 1238 forma
782 1172 991 1256 oipcoc'duae
1012 1183 1176 1239 cousoucc
1196 1187 1312 1256 sequeu-

232 1289 282 1344 tes
305 1277 455 1358 effecisse
477 1274 647 1351 videntur,
683 1284 718 1339 ut
746 1275 871 1340 vocalis
900 1275 1138 1366 corriperetur,
1171 1269 1262 1338 sicuti
1285 1287 1315 1330 cx

234 1380 361 1464 i'yaosos,
386 1377 517 1460 ἕδάμηντ
539 1378 724 1442 factasunt
745 1375 865 1458 ἕγνοντ,
890 1376 1037 1466 ε’ὃοῖμεπτ,
1063 1387 1229 1497 postremo
1250 1369 1315 1454 ipo

234 1493 267 1549 et
294 1481 420 1562 ἔδομεν,
452 1479 518 1545 vid.
550 1479 682 1545 dissert.
715 1488 827 1545 nostro
856 1479 897 1543 de
926 1480 1062 1568 conjug.
1094 1480 1131 1544 iu
1160 1503 1194 1562 μι
1223 1500 1253 1565 p.
1275 1470 1315 1536 10

116 1659 117 1664 1
234 1581 345 1672 Magis
375 1583 497 1650 offendi
528 1581 661 1670 possis,
695 1581 784 1671 quod
814 1583 960 1663 δαίμων,
978 1579 1118 1662 ποιμήν,
1155 1574 1319 1657 ἀληθήςιῒ

104 1722 106 1726 ·
235 1685 355 1751 similia
379 1685 525 1751 ultimam
550 1709 616 1750 ιιοιι
637 1683 838 1772 corripiunt,
870 1705 1056 1772 quanquam
1078 1692 1228 1749 accurate
1246 1678 1319 1742 iuve-

236 1786 368 1876 stipatio
386 1787 499 1869 docet,
523 1809 581 1852 eos
603 1785 820 1850 nominativos
842 1783 1037 1874 cstirpibus
1061 1787 1196 1868 δαιμον,
1218 1799 1320 1878 ποιμιι,

237 1887 353 1967 ἄληθες
374 1880 508 1972 adjecto
526 1913 559 1962 ς,
594 1881 655 1976 qui
674 1897 725 1952 cst
747 1884 940 1969 nominativi
954 1889 1157 1967 character,
1190 1869 1321 1974 prodisse

236 2002 269 2060 et
290 1991 439 2058 ultimsm
471 1988 685 2079 productione
714 1989 914 2080 suppletoriu
943 1989 1076 2077 longum
1106 1988 1240 2054 habere.
1288 1978 1323 2044 Αῑ

235 2093 271 2158 ic
301 2094 353 2158 his
383 2104 447 2158 tam
477 2103 601 2155 mature
629 2090 733 2176 sigma
768 2091 932 2174 abjectum
965 2100 999 2156 ct
1027 2090 1155 2156 vocalis
1185 2083 1321 2179 prudntia

236 2218 310 2261 esse
331 2194 461 2263 videtur
480 2190 576 2276 (lude
597 2214 729 2280 quoquc
751 2204 784 2256 et
800 2191 1178 2276 Attlrideacstoutilaus,
1202 2210 1281 2280 quac
1298 2182 1323 2246 in

237 2297 312 2363 istis
334 2297 451 2382 longas
471 2295 623 2375 vocales,
642 2309 711 2357 ἰιοιι
736 2293 959 2384 diphthongos
980 2289 1156 2384 proferunt
1177 2293 1222 2356 cl.
1241 2283 1322 2372 §.lii

239 2397 322 2513 13),
338 2406 374 2460 ut
395 2419 434 2460 eo
454 2407 622 2487 tempore,
646 2419 711 2485 quo
734 2407 895 2461 extremae
918 2396 1066 2484 syllabae
1083 2419 1101 2460 o
1117 2389 1325 2479 Doricusibus

238 2497 361 2587 corripi
382 2508 516 2586 coeptae
535 2509 628 2576 sunt,
653 2497 745 2562 nulla
766 2497 1014 2588 antiquissimae
1032 2498 1173 2563 rationis
1189 2487 1326 2562 memoria

239 2601 438 2689 superesset.

324 2700 442 2766 Paullo
456 2699 634 2782 diversam,
658 2674 798 2764 similem
821 2709 928 2764 mmcu
949 2695 1112 2766 rationem
1129 2701 1167 2766 in
1183 2675 1328 2766 secundae
1346 2759 1347 2762 ,

188 2871 192 2882 Χ
238 2802 483 2892 conjugationis
509 2825 649 2893 persons
670 2801 900 2888 agnoscimus,
935 2825 1038 2891 quum
1070 2795 1190 2886 λέγεις
1201 2827 1221 2868 e
1248 2809 1329 2882 laycos

215 2905 304 2970 'iota
327 2905 524 2993 mnsposito
548 2915 655 2969 ortum
676 2905 739 2986 sit,
762 2903 828 2968 vid.
853 2903 895 2967 L.
913 2903 930 2967 Ι
951 2902 982 2986 ἕ.
1000 2906 1054 2986 14,
1077 2905 1119 2988 43
1153 2901 1330 2970 nemetiam

240 3005 295 3071 laic
322 3007 469 3071 vocalem
496 3004 590 3071 vides
620 3004 732 3094 potius
754 3029 820 3070 ιιοιι
842 3005 1033 3093 productum
1055 3030 1131 3071 esse
1156 2998 1256 3096 quam
1276 3021 1330 3067 cor

238 3119 375 3198 reptem.
429 3106 539 3197 Magis
563 3107 660 3172 etiam
682 3105 717 3172 id
738 3120 871 3196 apparet
892 3106 927 3171 in
948 3106 1008 3183 πός
1030 3131 1090 3197 pro
1111 3113 1199 3186 ποῦς
1221 3119 1254 3174 ct
1273 3099 1332 3170 πάν

238 3233 299 3300 pro
328 3212 408 3286 πᾶν,
446 3210 533 3299 quod
562 3234 580 3275 aa
610 3207 833 3274 Doricusibus
863 3208 985 3298 corripi
1014 3210 1135 3275 docent
1160 3209 1331 3278 Herodian·

187 3391 189 3395 ,
239 3311 324 3377 0xx.
349 3310 419 3391 lll,
443 3311 526 3394 290,
550 3310 569 3376 5
598 3320 632 3376 et
662 3309 772 3376 Draco
799 3312 862 3394 20,
868 3311 928 3377 20
960 3351 999 3361 -
1032 3311 1095 3394 85,
1120 3314 1162 3379 11
1197 3314 1284 3381 sicut
1306 3307 1332 3370 iu

238 3413 380 3479 Aeolidc
402 3411 469 3478 vid.
494 3413 536 3478 L
555 3413 702 3496 l§.,2l
726 3415 769 3498 9,
794 3424 826 3479 et
848 3413 1006 3503 corripuit
1026 3358 1199 3481 Pisidarus
1222 3415 1277 3480 01
1297 3408 1332 3482 ll,

237 3516 280 3584 93
308 3513 342 3580 τὸ
372 3511 451 3592 πάν,
487 3514 543 3580 ubi
565 3509 753 3618 Bocckhius
781 3514 878 3581 sliam
906 3516 1153 3584 excusationem
1185 3533 1334 3665 ‹Jpscrcus

238 3616 336 3683 τόπον
358 3616 502 3704 scripsit.

323 3718 502 3784 Difficilior
523 3742 635 3784 eorum
658 3732 708 3784 est
729 3719 831 3802 ratio,
865 3723 950 3808 quoe
971 3719 1119 3786 ultimam
1143 3719 1335 3809 corripiunt,

233 3843 423 3908 quanquam
454 3819 677 3898 coutrsc'tionc
705 3823 871 3901 effectum,
893 3832 948 3909 ¹ut
974 3821 1082 3896 Φυκός
1112 3845 1177 3911 pro
1208 3821 1334 3890 Φυκοῦς,

238 3923 326 4003 ἱαρές
345 3945 405 4010 pro
427 3925 536 4006 ἱερεῖς,
559 3922 669 3997 Aoede
683 3947 743 4012 pro
757 3926 904 4007 Λατοῦς,
927 3926 1015 3999 ποιέο
1036 3947 1094 4012 pro
1116 3929 1237 4003 ποιεῖς,
1262 3919 1336 3987 nosti

237 4047 297 4112 pro
324 4026 431 4088 ποιεῖν.
488 4024 556 4089 Sed
586 4025 682 4104 etism
711 4025 765 4089 Ιιίο
794 4023 887 4089 vides
914 4037 989 4090 unte
1010 4025 1259 4114 correptionem
1281 4041 1335 4087 nou

237 4125 352 4191 adesse
381 4126 540 4213 lelsiasm
575 4127 727 4216 longam,
760 4150 834 4192 nam
864 4117 952 4202 ποιές
981 4139 1013 4192 et
1034 4129 1120 4192 uoaa'c
1142 4149 1164 4192 e
1189 4130 1294 4202 ποιὲες
1312 4131 1336 4184 el

236 4229 338 4292 ποιιέπ
359 4239 428 4292 ortu
451 4225 637 4294 cxistiairore
658 4215 799 4317 oportet,
828 4227 935 4304 Φυκός
954 4253 974 4296 e
996 4228 1128 4304 Ψυιιόες.
1168 4231 1338 4320 linquent
