2746 4818
191 367 195 371 ·
229 345 307 422 4110
484 345 519 440 §1
538 344 600 423 4⁷.
654 347 711 420 Da
731 345 906 420 universa
930 345 1080 422 Doride.-

228 547 332 636 longe
360 545 515 634 aberat,
511 547 565 614 ab
594 547 728 638 antiqua
752 549 953 617 Graecorum
979 547 1096 666 linp'ua
1124 551 1183 617 vix
1205 550 1324 634 mirus,

230 648 391 716 diversam
411 660 539 716 tamen
537 650 581 716 in
602 661 747 741 partem,
772 653 924 730 aberant,
957 645 1055 742 quaeri
1075 653 1216 718 ‘Attici
1206 653 1326 771 ungarii
1370 713 1371 724 ,

228 734 444 821 mobilitatc'
433 752 596 840 insigues.
650 753 844 819 illumineris
867 753 986 836 etiam,
1020 755 1371 870 quantasmutatio-1

228 879 290 922 nce
313 855 558 938 Romanorum,
587 878 686 943 quem
706 854 919 944 populum
880 879 944 922 ιιι
966 859 1126 922 novorum
1149 857 1328 924 studiosum

230 956 374 1040 dixeris,
395 957 513 1045 lingua
528 955 679 1022 subierit.
726 955 896 1024 Scilicet
887 981 921 1025 ιιι
942 957 1080 1046 linguae
1095 959 1327 1026 mutationibus

227 1061 315 1130 nibil
340 1059 427 1152 valet
452 1059 653 1144 consilium,
684 1059 774 1149 qnod
804 1059 915 1126 solum
933 1072 1053 1149 regnat
1079 1061 1117 1126 in
1143 1061 1281 1152 legibus
1301 1069 1329 1126 et

228 1162 404 1230 institutio
418 1161 601 1239 novandis,
635 1160 775 1227 multum
803 1161 974 1250 potcstatis
1001 1174 1133 1232 exercet
1155 1165 1193 1228 iu
1213 1185 1326 1231 mores.

229 1264 363 1348 Quibus
384 1263 593 1353 potissimum
620 1261 721 1328 rebus
748 1263 824 1348 fiat,
857 1274 894 1328 ιι1
924 1264 1060 1354 antiqua
1086 1265 1226 1355 linguae
1253 1265 1328 1331 ratio

227 1377 285 1438 aut
300 1367 495 1434 immutetur
514 1376 581 1430 aut
609 1375 840 1450 conservetur,
879 1377 914 1430 et
936 1365 1076 1449 difficile·
1092 1371 1143 1434 est
1155 1369 1209 1435 *ad
1231 1369 1328 1459 expli·

228 1469 370 1539 mudum
391 1477 424 1536 et
445 1467 488 1533 ab
508 1469 571 1534 boc
593 1467 668 1534 loco
690 1467 848 1537 alienum.

312 1567 348 1656 2)
372 1571 431 1636 -lri
462 1568 653 1638 universum
691 1571 853 1638 Doridem
872 1567 1094 1640 vconstantiae
1130 1569 1168 1636 in
1200 1574 1329 1664 antiqua

228 1672 346 1762 lingua
367 1672 482 1756 laude,
507 1670 537 1738 si
554 1695 595 1737 ea
615 1673 689 1738 laus
712 1684 783 1758 est,
807 1697 875 1740 non
896 1674 1083 1763 privamus,
1113 1674 1329 1767 antiquiorem

225 1774 436 1866 potissimum
468 1774 630 1840 Doridem
663 1798 739 1839 cum
780 1769 982 1865 reliquarum
1022 1775 1238 1843 dialectorum
1276 1802 1329 1868 per

227 1877 365 1945 eandem
397 1886 532 1946 aetatem
555 1876 754 1942 conditione
775 1885 1012 1967 comparatam.
1065 1877 1152 1944 Nam
1172 1879 1329 1947 Doridem

115 2063 117 2074 Ι
225 1979 495 2069 aprimausque
509 1979 641 2046 dialecti
657 1979 788 2070 origine
809 2003 877 2045 non
899 1980 1102 2046 immobilem
1124 1993 1159 2046 ct
1179 1981 1330 2048 intactam

225 2082 375 2168 stetisse,
408 2082 467 2148 sed
487 2083 593 2149 varias
614 2083 822 2148 mutationes
839 2081 971 2148 subisse
994 2094 1028 2149 et
1048 2082 1133 2149 ratio
1157 2085 1284 2152 evincit
1302 2093 1330 2150 et

225 2197 324 2302 snpra
353 2183 516 2250 monitum
544 2196 596 2249 est
624 2183 657 2266 §-
681 2185 720 2266 1,
743 2185 776 2250 3.
835 2181 911 2250 Jam
934 2185 1047 2304 paullo
1077 2187 1266 2252 accuratius
1293 2188 1331 2252 dr

224 2286 268 2350 iis
291 2285 529 2352 mutationibus
551 2285 715 2404 agendum
738 2279 809 2370 est,
842 2310 927 2377 quae
959 2287 1148 2354 nniversam
1171 2288 1329 2356 Doridem

223 2395 386 2476 tangunt3
403 2387 618 2477 singulorum
636 2389 725 2456 enim
743 2413 901 2481 generum
919 2387 1092 2456 historiam
1105 2391 1209 2477 infra,
1232 2417 1329 2484 quan·

223 2500 295 2556 tum
314 2488 413 2575 lieet,
439 2491 690 2558 delineabimus‘.

307 2593 393 2662 Tres
419 2593 559 2668 Doridis
587 2607 709 2662 aetates
733 2594 947 2684 distinguere
975 2596 1073 2679 licet,
1113 2597 1331 2688 antiquam

222 2695 384 2766 Doridem
398 2708 473 2763 ante
488 2697 640 2786 quintum
659 2698 729 2763 lere
748 2698 938 2764 saeculnm·
925 2730 938 2782 ,·
961 2699 1147 2764 mediam
1156 2723 1220 2815 per
1238 2702 1330 2790 qnin-

221 2809 294 2865 tunr
315 2809 348 2864 et
369 2807 539 2888 martum.
546 2800 739 2882 ¹,sacculum
773 2808 987 2865 recentem
1016 2824 1036 2866 a
1064 2799 1191 2891 quarti
1208 2801 1332 2869 saeculi

225 2899 316 2967 exitu
338 2923 447 2990 usque
467 2900 521 2966 ad
524 2901 674 2967 Doricae
694 2847 829 2967 dialecti
850 2900 1032 2967 interitum.
1085 2901 1156 2966 vix
1175 2927 1264 2993 opus
1285 2913 1333 2970 est

221 3011 374 3078 monere,
399 3025 466 3068 uon
488 3002 599 3068 subito
621 3003 763 3092 quodam
784 3003 910 3092 impetu
933 3016 966 3068 ct
986 3004 1083 3092 quasi
1105 3003 1228 3070 saltu
1216 3031 1255 3072 ιιι
1277 3031 1331 3074 no·

221 3126 297 3172 ram
318 3128 482 3196 qumque
498 3116 652 3174 .aetatcm
679 3104 854 3172 transitum
884 3130 959 3172 esse
981 3119 1089 3195 neque
1110 3106 1233 3176 eodem
1254 3121 1332 3176 tern-

220 3227 302 3296 pore
323 3207 364 3276 ab
392 3209 547 3276 omnibns
575 3209 708 3299 populis
727 3207 885 3287 Derieis,
919 3220 956 3274 ut
975 3206 1140 3296 Cyrenaei
1161 3222 1250 3298 post
1278 3236 1331 3278 an·

221 3333 302 3378 num
334 3307 597 3379 ducentesimum
629 3336 660 3377 a.
693 3311 773 3378 Gbr.
788 3335 887 3377 eam
924 3311 1088 3402 linguam
1105 3323 1329 3394 servaverant,

221 3425 319 3502 quam
349 3413 391 3479 ad
418 3415 560 3481 mediam
570 3414 741 3495 Doridem
769 3414 888 3480 referri
909 3420 1099 3504 oporteat.-
1088 3412 1205 3480 Nec
1226 3415 1334 3505 magis

209 3537 289 3580 ‚nno
311 3514 495 3604 eodemque
510 3530 657 3608 tempore
670 3516 827 3584 Doricam
845 3515 1022 3584 dialectum
1035 3515 1230 3632 abrogatam
1245 3541 1332 3600 esse,

224 3629 323 3708 snpra
346 3617 572 3703 docuimus§.
594 3621 635 3698 1,
649 3621 708 3686 3.·
807 3648 820 3680 ,ι

258 3721 360 3788 De
393 3720 569 3811 antiqua
595 3719 724 3788 Doride
741 3731 887 3810 propter
914 3720 1057 3788 lentium
1078 3721 1257 3812 penuriam
1279 3748 1336 3814 pa-

222 3846 296 3890 rum
325 3834 485 3890 consta..
520 3821 631 3908 Quum
660 3825 756 3891 enim.
770 3823 913 3890 Alcman
940 3847 1009 3889 nou
1033 3824 1077 3890 sit
1098 3847 1182 3914 pura
1203 3825 1339 3892 Doride

223 3949 325 4010 usus,
346 3927 444 4014 pauci
463 3925 576 4010 tituli,
606 3926 665 4014 qui
686 3925 741 3994 vel
763 3926 1007 4014 corruptissimi
1027 3937 1107 3993 sunt
1125 3927 1181 3992 vel
1204 3927 1336 3996 brevis·

224 4027 321 4108 simi,
352 4028 417 4096 soli
439 4028 573 4118 aliquid.
585 4028 736 4095 certioris
759 4022 963 4118 cognitionis
984 4027 1211 4117 suppeditent.
1267 4031 1340 4096 Eis

123 4197 127 4203 ,
225 4128 367 4198 ducibus
389 4131 544 4219 antiquae
565 4129 686 4196 Doridi
707 4131 851 4222 primunr
873 4129 1079 4200 vindicamus
1095 4129 1245 4219 psilosin
1267 4133 1340 4200 Le·

224 4231 352 4300 ebiacac
366 4230 510 4316 similem
524 4231 550 4298 i.
564 4255 593 4300 e.
608 4233 731 4324 asperi,
754 4235 814 4326 qui
827 4257 896 4345 non
914 4257 933 4300 e
951 4230 1108 4300 consonis
1122 4233 1341 4332 spirantibus
