<?xml version="1.0" encoding="UTF-8"?>
<!DOCTYPE html PUBLIC "-//W3C//DTD XHTML 1.0 Transitional//EN"
    "http://www.w3.org/TR/xhtml1/DTD/xhtml1-transitional.dtd">
<html xmlns="http://www.w3.org/1999/xhtml" xml:lang="en" lang="en">
 <head>
  <title>
</title>
<meta http-equiv="Content-Type" content="text/html;charset=utf-8" />
  <meta name='ocr-system' content='tesseract 3.04.00' />
  <meta name='ocr-capabilities' content='ocr_page ocr_carea ocr_par ocr_line ocrx_word'/>
</head>
<body>
  <div class='ocr_page' id='page_1' title='image "./degraccaelingua02ahregoog_0515.png"; bbox 0 0 2754 4818; ppageno 0'>
   <div class='ocr_carea' id='block_1_1' title="bbox 353 358 1129 489">
    <p class='ocr_par' dir='ltr' id='par_1_1' title="bbox 353 358 1129 489">
     <span class='ocr_line' id='line_1_1' title="bbox 353 358 1129 489; baseline 0.014 -11"><span class='ocrx_word' id='word_1_1' title='bbox 353 406 412 480; x_wconf 79' lang='lat' dir='ltr'>Ac</span> <span class='ocrx_word' id='word_1_2' title='bbox 434 405 596 484; x_wconf 70' lang='lat' dir='ltr'>mamm</span> <span class='ocrx_word' id='word_1_3' title='bbox 620 407 801 482; x_wconf 68' lang='lat' dir='ltr'>ramum.</span> <span class='ocrx_word' id='word_1_4' title='bbox 1048 358 1129 489; x_wconf 76' lang='lat' dir='ltr'>ue</span> 
     </span>
    </p>
   </div>
   <div class='ocr_carea' id='block_1_2' title="bbox 10 603 1126 3343">
    <p class='ocr_par' dir='ltr' id='par_1_2' title="bbox 42 603 1124 999">
     <span class='ocr_line' id='line_1_2' title="bbox 45 603 1122 699; baseline 0.01 -33"><span class='ocrx_word' id='word_1_5' title='bbox 45 623 105 668; x_wconf 91' lang='lat' dir='ltr'>non</span> <span class='ocrx_word' id='word_1_6' title='bbox 125 603 280 692; x_wconf 83' lang='lat' dir='ltr'>innixus,</span> <span class='ocrx_word' id='word_1_7' title='bbox 313 607 447 676; x_wconf 84' lang='lat' dir='ltr'>Comico</span> <span class='ocrx_word' id='word_1_8' title='bbox 468 608 559 676; x_wconf 83' lang='lat' dir='ltr'>dedit</span> <span class='ocrx_word' id='word_1_9' title='bbox 586 611 743 694; x_wconf 86' lang='lat' dir='ltr'>(ceterum</span> <span class='ocrx_word' id='word_1_10' title='bbox 773 609 894 699; x_wconf 71' lang='lat' dir='ltr'>legitur</span> <span class='ocrx_word' id='word_1_11' title='bbox 926 612 961 677; x_wconf 92' lang='lat' dir='ltr'>in</span> <span class='ocrx_word' id='word_1_12' title='bbox 997 611 1122 680; x_wconf 70' lang='lat' dir='ltr'>Schott.</span> 
     </span>
     <span class='ocr_line' id='line_1_3' title="bbox 44 703 1124 803; baseline 0.011 -35"><span class='ocrx_word' id='word_1_13' title='bbox 44 703 138 770; x_wconf 80' lang='lat' dir='ltr'>Arist.</span> <span class='ocrx_word' id='word_1_14' title='bbox 152 707 217 775; x_wconf 83' lang='lat' dir='ltr'>Au.</span> <span class='ocrx_word' id='word_1_15' title='bbox 229 709 310 786; x_wconf 79' lang='lat'>847,</span> <span class='ocrx_word' id='word_1_16' title='bbox 333 733 401 776; x_wconf 92' lang='lat' dir='ltr'>nou</span> <span class='ocrx_word' id='word_1_17' title='bbox 422 711 509 800; x_wconf 78' lang='lat' dir='ltr'>apud</span> <span class='ocrx_word' id='word_1_18' title='bbox 530 707 784 803; x_wconf 70' lang='lat' dir='ltr'>Apollonium),</span> <span class='ocrx_word' id='word_1_19' title='bbox 813 712 870 779; x_wconf 91' lang='lat' dir='ltr'>sed</span> <span class='ocrx_word' id='word_1_20' title='bbox 891 713 981 779; x_wconf 86' lang='lat' dir='ltr'>aliud</span> <span class='ocrx_word' id='word_1_21' title='bbox 1002 713 1124 782; x_wconf 87' lang='lat' dir='ltr'>certius</span> 
     </span>
     <span class='ocr_line' id='line_1_4' title="bbox 45 809 1121 906; baseline 0.01 -36"><span class='ocrx_word' id='word_1_22' title='bbox 45 809 217 898; x_wconf 76' lang='lat' dir='ltr'>exemplum</span> <span class='ocrx_word' id='word_1_23' title='bbox 238 813 492 901; x_wconf 68' lang='lat' dir='ltr'>praepositionis</span> <span class='ocrx_word' id='word_1_24' title='bbox 513 836 681 904; x_wconf 70' lang='lat' dir='ltr'>apocopen</span> <span class='ocrx_word' id='word_1_25' title='bbox 703 836 769 879; x_wconf 91' lang='lat' dir='ltr'>non</span> <span class='ocrx_word' id='word_1_26' title='bbox 789 837 906 904; x_wconf 76' lang='lat' dir='ltr'>passae</span> <span class='ocrx_word' id='word_1_27' title='bbox 926 825 976 881; x_wconf 89' lang='lat' dir='ltr'>cst</span> <span class='ocrx_word' id='word_1_28' title='bbox 998 814 1121 906; x_wconf 81' lang='lat' dir='ltr'>Snpph.</span> 
     </span>
     <span class='ocr_line' id='line_1_5' title="bbox 42 907 938 999; baseline 0.006 -25"><span class='ocrx_word' id='word_1_29' title='bbox 42 907 80 974; x_wconf 74' lang='grc'>24</span> <span class='ocrx_word' id='word_1_30' title='bbox 99 909 183 994; x_wconf 73' lang='grc' dir='ltr'><strong><em>παρὰ</em></strong></span> <span class='ocrx_word' id='word_1_31' title='bbox 206 910 242 974; x_wconf 81' lang='lat' dir='ltr'>d’</span> <span class='ocrx_word' id='word_1_32' title='bbox 265 911 380 998; x_wconf 75' lang='grc' dir='ltr'><em>ἔρχεθ’</em></span> <span class='ocrx_word' id='word_1_33' title='bbox 403 913 483 999; x_wconf 72' lang='grc' dir='ltr'>ὥρα.</span> <span class='ocrx_word' id='word_1_34' title='bbox 634 979 636 988; x_wconf 71' lang='grc'>,</span> <span class='ocrx_word' id='word_1_35' title='bbox 849 921 853 926; x_wconf 77' lang='grc'><strong>’</strong></span> <span class='ocrx_word' id='word_1_36' title='bbox 934 921 938 930; x_wconf 85' lang='grc'>’</span> 
     </span>
    </p>

    <p class='ocr_par' dir='ltr' id='par_1_3' title="bbox 13 1003 1126 3139">
     <span class='ocr_line' id='line_1_6' title="bbox 117 1003 1124 1102; baseline 0.007 -25"><span class='ocrx_word' id='word_1_37' title='bbox 117 1013 212 1102; x_wconf 71' lang='lat' dir='ltr'>Peg.</span> <span class='ocrx_word' id='word_1_38' title='bbox 238 1014 301 1080; x_wconf 79' lang='lat'>150</span> <span class='ocrx_word' id='word_1_39' title='bbox 337 1039 394 1080; x_wconf 84' lang='lat' dir='ltr'>nr.</span> <span class='ocrx_word' id='word_1_40' title='bbox 419 1017 450 1082; x_wconf 83' lang='lat'>3.</span> <span class='ocrx_word' id='word_1_41' title='bbox 507 1003 636 1083; x_wconf 74' lang='lat' dir='ltr'>Censor</span> <span class='ocrx_word' id='word_1_42' title='bbox 673 1016 818 1082; x_wconf 81' lang='lat' dir='ltr'>Dnrmrt.</span> <span class='ocrx_word' id='word_1_43' title='bbox 859 1018 1016 1102; x_wconf 79' lang='lat' dir='ltr'>affirmat,</span> <span class='ocrx_word' id='word_1_44' title='bbox 1058 1038 1124 1084; x_wconf 85' lang='lat' dir='ltr'>non</span> 
     </span>
     <span class='ocr_line' id='line_1_7' title="bbox 40 1114 1125 1204; baseline 0.007 -28"><span class='ocrx_word' id='word_1_45' title='bbox 40 1124 120 1178; x_wconf 84' lang='lat' dir='ltr'>recta</span> <span class='ocrx_word' id='word_1_46' title='bbox 141 1115 228 1204; x_wconf 85' lang='lat' dir='ltr'>apud</span> <span class='ocrx_word' id='word_1_47' title='bbox 252 1115 466 1183; x_wconf 78' lang='lat' dir='ltr'>Theocritum</span> <span class='ocrx_word' id='word_1_48' title='bbox 488 1114 629 1200; x_wconf 87' lang='lat' dir='ltr'>xxlx,</span> <span class='ocrx_word' id='word_1_49' title='bbox 651 1118 694 1186; x_wconf 79' lang='lat'>25</span> <span class='ocrx_word' id='word_1_50' title='bbox 725 1142 744 1184; x_wconf 87' lang='lat' dir='ltr'>a</span> <span class='ocrx_word' id='word_1_51' title='bbox 777 1117 873 1184; x_wconf 81' lang='lat' dir='ltr'>nohis</span> <span class='ocrx_word' id='word_1_52' title='bbox 906 1123 982 1202; x_wconf 73' lang='grc' dir='ltr'>πὲρρ</span> <span class='ocrx_word' id='word_1_53' title='bbox 1016 1121 1125 1184; x_wconf 65' lang='lat' dir='ltr'>ductui</span> 
     </span>
     <span class='ocr_line' id='line_1_8' title="bbox 40 1214 1124 1310; baseline 0.008 -33"><span class='ocrx_word' id='word_1_54' title='bbox 40 1214 186 1306; x_wconf 84' lang='lat' dir='ltr'>seriptum</span> <span class='ocrx_word' id='word_1_55' title='bbox 208 1241 313 1303; x_wconf 69' lang='lat' dir='ltr'>esse,</span> <span class='ocrx_word' id='word_1_56' title='bbox 356 1220 571 1309; x_wconf 85' lang='lat' dir='ltr'>nequeenim</span> <span class='ocrx_word' id='word_1_57' title='bbox 598 1220 690 1285; x_wconf 83' lang='lat' dir='ltr'>iiiam</span> <span class='ocrx_word' id='word_1_58' title='bbox 718 1220 911 1309; x_wconf 85' lang='lat' dir='ltr'>scripturam</span> <span class='ocrx_word' id='word_1_59' title='bbox 931 1221 1124 1310; x_wconf 87' lang='lat' dir='ltr'>composito·</span> 
     </span>
     <span class='ocr_line' id='line_1_9' title="bbox 37 1319 1123 1410; baseline 0.007 -30"><span class='ocrx_word' id='word_1_60' title='bbox 37 1336 102 1380; x_wconf 82' lang='lat' dir='ltr'>rum</span> <span class='ocrx_word' id='word_1_61' title='bbox 123 1330 159 1385; x_wconf 93' lang='lat' dir='ltr'>ut</span> <span class='ocrx_word' id='word_1_62' title='bbox 184 1321 345 1405; x_wconf 77' lang='grc' dir='ltr'><strong><em>πέρροχος</em></strong></span> <span class='ocrx_word' id='word_1_63' title='bbox 376 1319 527 1410; x_wconf 74' lang='lat' dir='ltr'>analogia</span> <span class='ocrx_word' id='word_1_64' title='bbox 551 1321 630 1385; x_wconf 87' lang='lat' dir='ltr'>satis</span> <span class='ocrx_word' id='word_1_65' title='bbox 652 1322 797 1387; x_wconf 79' lang='lat' dir='ltr'>defendi.</span> <span class='ocrx_word' id='word_1_66' title='bbox 865 1322 940 1388; x_wconf 85' lang='lat' dir='ltr'>Non</span> <span class='ocrx_word' id='word_1_67' title='bbox 963 1323 1123 1406; x_wconf 76' lang='lat' dir='ltr'>meminit,</span> 
     </span>
     <span class='ocr_line' id='line_1_10' title="bbox 36 1421 1124 1515; baseline 0.008 -34"><span class='ocrx_word' id='word_1_68' title='bbox 36 1437 71 1480; x_wconf 83' lang='lat' dir='ltr'>ex</span> <span class='ocrx_word' id='word_1_69' title='bbox 90 1421 223 1510; x_wconf 78' lang='lat' dir='ltr'>antiqua</span> <span class='ocrx_word' id='word_1_70' title='bbox 247 1422 444 1487; x_wconf 85' lang='lat' dir='ltr'>Graecorum</span> <span class='ocrx_word' id='word_1_71' title='bbox 468 1423 709 1487; x_wconf 83' lang='lat' dir='ltr'>consuetudine</span> <span class='ocrx_word' id='word_1_72' title='bbox 730 1423 1014 1513; x_wconf 78' lang='lat' dir='ltr'>praepositiones,</span> <span class='ocrx_word' id='word_1_73' title='bbox 1044 1449 1124 1515; x_wconf 89' lang='lat' dir='ltr'>quas</span> 
     </span>
     <span class='ocr_line' id='line_1_11' title="bbox 35 1523 1125 1615; baseline 0.009 -34"><span class='ocrx_word' id='word_1_74' title='bbox 35 1540 90 1584; x_wconf 88' lang='lat' dir='ltr'>uos</span> <span class='ocrx_word' id='word_1_75' title='bbox 110 1523 266 1590; x_wconf 79' lang='lat' dir='ltr'>dirimere</span> <span class='ocrx_word' id='word_1_76' title='bbox 291 1525 457 1602; x_wconf 85' lang='lat' dir='ltr'>solemus,</span> <span class='ocrx_word' id='word_1_77' title='bbox 499 1523 630 1588; x_wconf 84' lang='lat' dir='ltr'>easdem</span> <span class='ocrx_word' id='word_1_78' title='bbox 651 1524 849 1590; x_wconf 75' lang='lat' dir='ltr'>mutationes</span> <span class='ocrx_word' id='word_1_79' title='bbox 877 1525 945 1612; x_wconf 90' lang='lat' dir='ltr'>pati</span> <span class='ocrx_word' id='word_1_80' title='bbox 972 1537 1068 1615; x_wconf 85' lang='lat' dir='ltr'>atqua</span> <span class='ocrx_word' id='word_1_81' title='bbox 1088 1527 1125 1591; x_wconf 93' lang='lat' dir='ltr'>in</span> 
     </span>
     <span class='ocr_line' id='line_1_12' title="bbox 33 1622 1124 1713; baseline 0.009 -30"><span class='ocrx_word' id='word_1_82' title='bbox 33 1627 296 1712; x_wconf 70' lang='lat' dir='ltr'>compositione,</span> <span class='ocrx_word' id='word_1_83' title='bbox 341 1622 459 1688; x_wconf 90' lang='lat' dir='ltr'>deinde</span> <span class='ocrx_word' id='word_1_84' title='bbox 481 1646 548 1689; x_wconf 88' lang='lat' dir='ltr'>non</span> <span class='ocrx_word' id='word_1_85' title='bbox 570 1623 765 1713; x_wconf 83' lang='lat' dir='ltr'>perpendit,</span> <span class='ocrx_word' id='word_1_86' title='bbox 800 1625 840 1690; x_wconf 91' lang='lat' dir='ltr'>dc</span> <span class='ocrx_word' id='word_1_87' title='bbox 862 1648 928 1712; x_wconf 88' lang='lat' dir='ltr'>quo</span> <span class='ocrx_word' id='word_1_88' title='bbox 950 1625 1124 1694; x_wconf 87' lang='lat' dir='ltr'>admonue·</span> 
     </span>
     <span class='ocr_line' id='line_1_13' title="bbox 33 1723 1124 1815; baseline 0.007 -31"><span class='ocrx_word' id='word_1_89' title='bbox 33 1745 159 1810; x_wconf 84' lang='lat' dir='ltr'>ramus,</span> <span class='ocrx_word' id='word_1_90' title='bbox 204 1751 288 1804; x_wconf 76' lang='grc' dir='ltr'><strong><em>ναν,</em></strong></span> <span class='ocrx_word' id='word_1_91' title='bbox 326 1749 385 1790; x_wconf 87' lang='grc' dir='ltr'>ποτ</span> <span class='ocrx_word' id='word_1_92' title='bbox 413 1733 446 1790; x_wconf 90' lang='lat' dir='ltr'>et</span> <span class='ocrx_word' id='word_1_93' title='bbox 469 1723 589 1790; x_wconf 78' lang='lat' dir='ltr'>similia</span> <span class='ocrx_word' id='word_1_94' title='bbox 617 1749 677 1815; x_wconf 88' lang='lat' dir='ltr'>per</span> <span class='ocrx_word' id='word_1_95' title='bbox 705 1749 741 1792; x_wconf 92' lang='lat' dir='ltr'>se</span> <span class='ocrx_word' id='word_1_96' title='bbox 770 1750 835 1791; x_wconf 90' lang='lat' dir='ltr'>non</span> <span class='ocrx_word' id='word_1_97' title='bbox 857 1725 968 1792; x_wconf 86' lang='lat' dir='ltr'>miuus</span> <span class='ocrx_word' id='word_1_98' title='bbox 989 1727 1124 1792; x_wconf 82' lang='lat' dir='ltr'>barbaro</span> 
     </span>
     <span class='ocr_line' id='line_1_14' title="bbox 31 1827 1125 1919; baseline 0.005 -32"><span class='ocrx_word' id='word_1_99' title='bbox 31 1846 228 1919; x_wconf 84' lang='lat' dir='ltr'>essequam</span> <span class='ocrx_word' id='word_1_100' title='bbox 258 1851 350 1911; x_wconf 79' lang='grc' dir='ltr'><strong>περρ.</strong></span> <span class='ocrx_word' id='word_1_101' title='bbox 417 1828 589 1893; x_wconf 86' lang='lat' dir='ltr'>Postremo</span> <span class='ocrx_word' id='word_1_102' title='bbox 622 1837 806 1915; x_wconf 87' lang='lat' dir='ltr'>comparato</span> <span class='ocrx_word' id='word_1_103' title='bbox 838 1827 1031 1894; x_wconf 90' lang='lat' dir='ltr'>Boeotieum</span> <span class='ocrx_word' id='word_1_104' title='bbox 1067 1829 1125 1892; x_wconf 70' lang='lat' dir='ltr'>c&#39;oo</span> 
     </span>
     <span class='ocr_line' id='line_1_15' title="bbox 29 1927 1124 2019; baseline 0.005 -29"><span class='ocrx_word' id='word_1_105' title='bbox 29 1947 85 2013; x_wconf 92' lang='lat' dir='ltr'>pro</span> <span class='ocrx_word' id='word_1_106' title='bbox 106 1931 138 2006; x_wconf 78' lang='grc' dir='ltr'>ἐξ</span> <span class='ocrx_word' id='word_1_107' title='bbox 166 1939 246 1997; x_wconf 87' lang='lat' dir='ltr'>ante</span> <span class='ocrx_word' id='word_1_108' title='bbox 267 1931 409 1996; x_wconf 85' lang='lat' dir='ltr'>vocales.</span> <span class='ocrx_word' id='word_1_109' title='bbox 440 1929 523 1995; x_wconf 84' lang='lat' dir='ltr'><strong>L.·1</strong></span> <span class='ocrx_word' id='word_1_110' title='bbox 553 1934 584 2011; x_wconf 62' lang='grc' dir='ltr'>ᾗ.</span> <span class='ocrx_word' id='word_1_111' title='bbox 608 1928 669 2014; x_wconf 83' lang='grc'>47,</span> <span class='ocrx_word' id='word_1_112' title='bbox 692 1930 725 1995; x_wconf 81' lang='grc'>4.</span> <span class='ocrx_word' id='word_1_113' title='bbox 790 1927 929 1994; x_wconf 84' lang='lat' dir='ltr'>Rectius</span> <span class='ocrx_word' id='word_1_114' title='bbox 953 1929 1124 2019; x_wconf 81' lang='lat' dir='ltr'>scripseris</span> 
     </span>
     <span class='ocr_line' id='line_1_16' title="bbox 27 2029 1123 2120; baseline 0.004 -28"><span class='ocrx_word' id='word_1_115' title='bbox 27 2037 241 2115; x_wconf 77' lang='lat' dir='ltr'>ueppouatoi,</span> <span class='ocrx_word' id='word_1_116' title='bbox 283 2035 505 2112; x_wconf 77' lang='grc' dir='ltr'><strong><em>κακκεφαλᾶς,</em></strong></span> <span class='ocrx_word' id='word_1_117' title='bbox 549 2030 681 2115; x_wconf 61' lang='lat' dir='ltr'>nutriet·</span> <span class='ocrx_word' id='word_1_118' title='bbox 752 2029 905 2096; x_wconf 87' lang='lat' dir='ltr'>Ceterum</span> <span class='ocrx_word' id='word_1_119' title='bbox 947 2031 1011 2120; x_wconf 92' lang='lat' dir='ltr'>ipsi</span> <span class='ocrx_word' id='word_1_120' title='bbox 1045 2031 1123 2098; x_wconf 88' lang='lat' dir='ltr'>olim</span> 
     </span>
     <span class='ocr_line' id='line_1_17' title="bbox 28 2132 1125 2201; baseline 0.005 -9"><span class='ocrx_word' id='word_1_121' title='bbox 28 2135 189 2201; x_wconf 83' lang='lat' dir='ltr'>emendati</span> <span class='ocrx_word' id='word_1_122' title='bbox 220 2159 239 2200; x_wconf 89' lang='lat' dir='ltr'>a</span> <span class='ocrx_word' id='word_1_123' title='bbox 267 2134 365 2200; x_wconf 86' lang='lat' dir='ltr'>nohis</span> <span class='ocrx_word' id='word_1_124' title='bbox 394 2155 509 2201; x_wconf 85' lang='lat' dir='ltr'>versus</span> <span class='ocrx_word' id='word_1_125' title='bbox 540 2155 674 2199; x_wconf 83' lang='lat' dir='ltr'>sensum</span> <span class='ocrx_word' id='word_1_126' title='bbox 702 2154 768 2198; x_wconf 88' lang='lat' dir='ltr'>non</span> <span class='ocrx_word' id='word_1_127' title='bbox 797 2143 885 2200; x_wconf 86' lang='lat' dir='ltr'>recte</span> <span class='ocrx_word' id='word_1_128' title='bbox 916 2132 1125 2198; x_wconf 82' lang='lat' dir='ltr'>intellexeru-</span> 
     </span>
     <span class='ocr_line' id='line_1_18' title="bbox 25 2234 1126 2320; baseline 0.005 -24"><span class='ocrx_word' id='word_1_129' title='bbox 25 2255 105 2300; x_wconf 88' lang='lat' dir='ltr'>mus.</span> <span class='ocrx_word' id='word_1_130' title='bbox 156 2239 250 2320; x_wconf 78' lang='grc' dir='ltr'>Πὲρρ</span> <span class='ocrx_word' id='word_1_131' title='bbox 273 2237 383 2302; x_wconf 70' lang='lat' dir='ltr'>enatat</span> <span class='ocrx_word' id='word_1_132' title='bbox 410 2234 561 2317; x_wconf 70' lang='grc' dir='ltr'><strong><em>πύματόν</em></strong></span> <span class='ocrx_word' id='word_1_133' title='bbox 591 2259 626 2299; x_wconf 84' lang='lat' dir='ltr'>oa</span> <span class='ocrx_word' id='word_1_134' title='bbox 653 2235 842 2319; x_wconf 74' lang='grc' dir='ltr'><strong><em>πεδέρχομαν</em></strong></span> <span class='ocrx_word' id='word_1_135' title='bbox 872 2246 922 2299; x_wconf 84' lang='lat' dir='ltr'>est</span> <span class='ocrx_word' id='word_1_136' title='bbox 946 2257 1007 2318; x_wconf 84' lang='lat' dir='ltr'>per</span> <span class='ocrx_word' id='word_1_137' title='bbox 1029 2239 1126 2301; x_wconf 84' lang='lat' dir='ltr'>molle</span> 
     </span>
     <span class='ocr_line' id='line_1_19' title="bbox 25 2335 1124 2427; baseline 0.005 -31"><span class='ocrx_word' id='word_1_138' title='bbox 25 2340 111 2402; x_wconf 80' lang='lat' dir='ltr'>tecm</span> <span class='ocrx_word' id='word_1_139' title='bbox 133 2359 171 2404; x_wconf 82' lang='lat' dir='ltr'>oe</span> <span class='ocrx_word' id='word_1_140' title='bbox 195 2347 226 2402; x_wconf 80' lang='lat' dir='ltr'>te</span> <span class='ocrx_word' id='word_1_141' title='bbox 247 2338 375 2404; x_wconf 79' lang='lat' dir='ltr'>obsecro</span> <span class='ocrx_word' id='word_1_142' title='bbox 386 2379 398 2416; x_wconf 74' lang='grc'><strong><em>,</em></strong></span> <span class='ocrx_word' id='word_1_143' title='bbox 430 2347 468 2401; x_wconf 93' lang='lat' dir='ltr'>ut</span> <span class='ocrx_word' id='word_1_144' title='bbox 487 2337 566 2422; x_wconf 76' lang='grc' dir='ltr'>πέρρ</span> <span class='ocrx_word' id='word_1_145' title='bbox 589 2360 650 2427; x_wconf 92' lang='lat' dir='ltr'>pro</span> <span class='ocrx_word' id='word_1_146' title='bbox 670 2337 748 2416; x_wconf 76' lang='grc' dir='ltr'>ὑπὲρ</span> <span class='ocrx_word' id='word_1_147' title='bbox 770 2335 913 2424; x_wconf 86' lang='lat' dir='ltr'>positum</span> <span class='ocrx_word' id='word_1_148' title='bbox 937 2336 1003 2418; x_wconf 86' lang='lat' dir='ltr'>sit,</span> <span class='ocrx_word' id='word_1_149' title='bbox 1036 2336 1124 2426; x_wconf 86' lang='lat' dir='ltr'>quod</span> 
     </span>
     <span class='ocr_line' id='line_1_20' title="bbox 23 2436 1124 2528; baseline 0.002 -28"><span class='ocrx_word' id='word_1_150' title='bbox 23 2457 94 2502; x_wconf 91' lang='lat' dir='ltr'>cum</span> <span class='ocrx_word' id='word_1_151' title='bbox 126 2437 215 2524; x_wconf 78' lang='grc' dir='ltr'>πρὸς</span> <span class='ocrx_word' id='word_1_152' title='bbox 243 2438 280 2504; x_wconf 93' lang='lat' dir='ltr'>in</span> <span class='ocrx_word' id='word_1_153' title='bbox 310 2438 463 2528; x_wconf 81' lang='lat' dir='ltr'>precibus</span> <span class='ocrx_word' id='word_1_154' title='bbox 485 2438 641 2504; x_wconf 76' lang='lat' dir='ltr'>usitatum</span> <span class='ocrx_word' id='word_1_155' title='bbox 661 2447 722 2502; x_wconf 87' lang='lat' dir='ltr'>est.</span> <span class='ocrx_word' id='word_1_156' title='bbox 787 2437 843 2504; x_wconf 77' lang='lat' dir='ltr'>Ad</span> <span class='ocrx_word' id='word_1_157' title='bbox 865 2436 1005 2504; x_wconf 87' lang='lat' dir='ltr'>eundem</span> <span class='ocrx_word' id='word_1_158' title='bbox 1028 2461 1124 2502; x_wconf 88' lang='lat' dir='ltr'>usum</span> 
     </span>
     <span class='ocr_line' id='line_1_21' title="bbox 21 2537 1122 2636; baseline 0.001 -33"><span class='ocrx_word' id='word_1_159' title='bbox 21 2552 170 2628; x_wconf 85' lang='lat' dir='ltr'>spectare</span> <span class='ocrx_word' id='word_1_160' title='bbox 203 2540 334 2606; x_wconf 82' lang='lat' dir='ltr'>videtur</span> <span class='ocrx_word' id='word_1_161' title='bbox 363 2539 574 2629; x_wconf 71' lang='lat' dir='ltr'>Hesychiana</span> <span class='ocrx_word' id='word_1_162' title='bbox 604 2537 715 2636; x_wconf 70' lang='lat' dir='ltr'>glossa</span> <span class='ocrx_word' id='word_1_163' title='bbox 748 2541 898 2622; x_wconf 77' lang='grc' dir='ltr'><strong><em>περσέ,</em></strong></span> <span class='ocrx_word' id='word_1_164' title='bbox 943 2539 1024 2624; x_wconf 70' lang='grc' dir='ltr'>πρὸς</span> <span class='ocrx_word' id='word_1_165' title='bbox 1061 2539 1122 2617; x_wconf 83' lang='lat' dir='ltr'>oe&#39;;</span> 
     </span>
     <span class='ocr_line' id='line_1_22' title="bbox 19 2638 1124 2729; baseline 0.002 -25"><span class='ocrx_word' id='word_1_166' title='bbox 19 2652 149 2708; x_wconf 86' lang='lat' dir='ltr'>constat</span> <span class='ocrx_word' id='word_1_167' title='bbox 170 2638 263 2706; x_wconf 91' lang='lat' dir='ltr'>enim</span> <span class='ocrx_word' id='word_1_168' title='bbox 287 2664 321 2702; x_wconf 83' lang='grc' dir='ltr'>σε</span> <span class='ocrx_word' id='word_1_169' title='bbox 340 2651 416 2729; x_wconf 88' lang='lat' dir='ltr'>post</span> <span class='ocrx_word' id='word_1_170' title='bbox 437 2639 710 2729; x_wconf 78' lang='lat' dir='ltr'>praepositionem</span> <span class='ocrx_word' id='word_1_171' title='bbox 733 2639 837 2706; x_wconf 89' lang='lat' dir='ltr'>inseri</span> <span class='ocrx_word' id='word_1_172' title='bbox 860 2640 965 2706; x_wconf 87' lang='lat' dir='ltr'>solare</span> <span class='ocrx_word' id='word_1_173' title='bbox 986 2651 1022 2704; x_wconf 86' lang='lat' dir='ltr'>ut</span> <span class='ocrx_word' id='word_1_174' title='bbox 1042 2640 1124 2727; x_wconf 75' lang='grc' dir='ltr'><strong><em>πρός</em></strong></span> 
     </span>
     <span class='ocr_line' id='line_1_23' title="bbox 19 2739 1123 2831; baseline 0.002 -25"><span class='ocrx_word' id='word_1_175' title='bbox 19 2765 50 2808; x_wconf 82' lang='lat' dir='ltr'>ee</span> <span class='ocrx_word' id='word_1_176' title='bbox 72 2746 176 2810; x_wconf 75' lang='grc' dir='ltr'>θεῶν.</span> <span class='ocrx_word' id='word_1_177' title='bbox 227 2739 312 2806; x_wconf 83' lang='lat' dir='ltr'>Cum</span> <span class='ocrx_word' id='word_1_178' title='bbox 332 2742 393 2808; x_wconf 80' lang='lat' dir='ltr'>luae</span> <span class='ocrx_word' id='word_1_179' title='bbox 414 2742 525 2830; x_wconf 79' lang='lat' dir='ltr'>glossa</span> <span class='ocrx_word' id='word_1_180' title='bbox 544 2740 695 2808; x_wconf 82' lang='lat' dir='ltr'>lioenius</span> <span class='ocrx_word' id='word_1_181' title='bbox 716 2751 804 2806; x_wconf 87' lang='lat' dir='ltr'>recte</span> <span class='ocrx_word' id='word_1_182' title='bbox 826 2740 1009 2831; x_wconf 81' lang='lat' dir='ltr'>composuit</span> <span class='ocrx_word' id='word_1_183' title='bbox 1029 2765 1123 2826; x_wconf 66' lang='grc' dir='ltr'><strong><em>προα-</em></strong></span> 
     </span>
     <span class='ocr_line' id='line_1_24' title="bbox 16 2839 1123 2932; baseline 0.005 -25"><span class='ocrx_word' id='word_1_184' title='bbox 16 2846 77 2928; x_wconf 78' lang='grc' dir='ltr'>σέ,</span> <span class='ocrx_word' id='word_1_185' title='bbox 130 2839 228 2932; x_wconf 80' lang='lat' dir='ltr'>quod</span> <span class='ocrx_word' id='word_1_186' title='bbox 266 2843 353 2932; x_wconf 87' lang='lat' dir='ltr'>apud</span> <span class='ocrx_word' id='word_1_187' title='bbox 381 2841 544 2910; x_wconf 86' lang='lat' dir='ltr'>Joannem</span> <span class='ocrx_word' id='word_1_188' title='bbox 576 2843 831 2913; x_wconf 78' lang='lat' dir='ltr'>Gmmmoticum</span> <span class='ocrx_word' id='word_1_189' title='bbox 862 2855 895 2910; x_wconf 88' lang='lat' dir='ltr'>ct</span> <span class='ocrx_word' id='word_1_190' title='bbox 923 2843 1123 2932; x_wconf 76' lang='lat' dir='ltr'>Gregorium</span> 
     </span>
     <span class='ocr_line' id='line_1_25' title="bbox 14 2942 1121 3036; baseline -0.003 -23"><span class='ocrx_word' id='word_1_191' title='bbox 14 2945 161 3036; x_wconf 73' lang='lat' dir='ltr'>(vid..§.</span> <span class='ocrx_word' id='word_1_192' title='bbox 189 2942 234 3010; x_wconf 82' lang='lat'>12</span> <span class='ocrx_word' id='word_1_193' title='bbox 263 2955 332 3012; x_wconf 89' lang='lat' dir='ltr'>not.</span> <span class='ocrx_word' id='word_1_194' title='bbox 355 2945 389 3023; x_wconf 73' lang='lat'>9)</span> <span class='ocrx_word' id='word_1_195' title='bbox 420 2944 595 3012; x_wconf 84' lang='lat' dir='ltr'>Aeolicum</span> <span class='ocrx_word' id='word_1_196' title='bbox 617 2967 698 3012; x_wconf 49' lang='lat' dir='ltr'>¹esse</span> <span class='ocrx_word' id='word_1_197' title='bbox 726 2945 848 3012; x_wconf 89' lang='lat' dir='ltr'>dicitur</span> <span class='ocrx_word' id='word_1_198' title='bbox 879 2969 944 3034; x_wconf 83' lang='lat' dir='ltr'>pro</span> <span class='ocrx_word' id='word_1_199' title='bbox 969 2944 1051 3032; x_wconf 80' lang='grc' dir='ltr'><strong><em>πρὸς</em></strong></span> <span class='ocrx_word' id='word_1_200' title='bbox 1074 2949 1121 3027; x_wconf 79' lang='grc' dir='ltr'>σε’,</span> 
     </span>
     <span class='ocr_line' id='line_1_26' title="bbox 13 3046 956 3139; baseline -0.002 -25"><span class='ocrx_word' id='word_1_201' title='bbox 13 3061 43 3116; x_wconf 91' lang='lat' dir='ltr'>et</span> <span class='ocrx_word' id='word_1_202' title='bbox 63 3047 198 3134; x_wconf 82' lang='grc' dir='ltr'><strong><em>πρεσσέ</em></strong></span> <span class='ocrx_word' id='word_1_203' title='bbox 218 3070 236 3112; x_wconf 94' lang='lat' dir='ltr'>e</span> <span class='ocrx_word' id='word_1_204' title='bbox 257 3049 357 3132; x_wconf 78' lang='lat' dir='ltr'>nepes&#39;</span> <span class='ocrx_word' id='word_1_205' title='bbox 376 3058 565 3139; x_wconf 80' lang='lat' dir='ltr'>corruptum</span> <span class='ocrx_word' id='word_1_206' title='bbox 587 3071 661 3114; x_wconf 88' lang='lat' dir='ltr'>esse</span> <span class='ocrx_word' id='word_1_207' title='bbox 684 3046 871 3137; x_wconf 87' lang='lat' dir='ltr'>suspicatus</span> <span class='ocrx_word' id='word_1_208' title='bbox 893 3058 956 3138; x_wconf 65' lang='lat' dir='ltr'>est,</span> 
     </span>
    </p>

    <p class='ocr_par' dir='ltr' id='par_1_4' title="bbox 10 3147 1121 3343">
     <span class='ocr_line' id='line_1_27' title="bbox 95 3147 1121 3240; baseline -0.007 -21"><span class='ocrx_word' id='word_1_209' title='bbox 95 3154 158 3220; x_wconf 88' lang='lat' dir='ltr'>Pa</span> <span class='ocrx_word' id='word_1_210' title='bbox 168 3173 208 3240; x_wconf 72' lang='lat' dir='ltr'>g.</span> <span class='ocrx_word' id='word_1_211' title='bbox 233 3150 296 3216; x_wconf 84' lang='lat'>156</span> <span class='ocrx_word' id='word_1_212' title='bbox 325 3174 384 3216; x_wconf 90' lang='lat' dir='ltr'>nr.</span> <span class='ocrx_word' id='word_1_213' title='bbox 408 3152 439 3216; x_wconf 88' lang='grc'>4.</span> <span class='ocrx_word' id='word_1_214' title='bbox 489 3150 530 3215; x_wconf 89' lang='lat' dir='ltr'>ln</span> <span class='ocrx_word' id='word_1_215' title='bbox 551 3149 651 3216; x_wconf 85' lang='lat' dir='ltr'>titulo</span> <span class='ocrx_word' id='word_1_216' title='bbox 672 3147 772 3215; x_wconf 84' lang='lat' dir='ltr'>Delio</span> <span class='ocrx_word' id='word_1_217' title='bbox 794 3147 917 3236; x_wconf 71' lang='lat' dir='ltr'>legitur</span> <span class='ocrx_word' id='word_1_218' title='bbox 939 3147 1008 3224; x_wconf 57' lang='lat' dir='ltr'>ciete</span> <span class='ocrx_word' id='word_1_219' title='bbox 1044 3170 1121 3212; x_wconf 89' lang='lat' dir='ltr'>con·</span> 
     </span>
     <span class='ocr_line' id='line_1_28' title="bbox 10 3245 1120 3343; baseline -0.003 -24"><span class='ocrx_word' id='word_1_220' title='bbox 10 3267 57 3321; x_wconf 77' lang='lat' dir='ltr'>tro</span> <span class='ocrx_word' id='word_1_221' title='bbox 79 3265 178 3322; x_wconf 88' lang='lat' dir='ltr'>recte</span> <span class='ocrx_word' id='word_1_222' title='bbox 203 3250 292 3340; x_wconf 84' lang='lat' dir='ltr'>apud</span> <span class='ocrx_word' id='word_1_223' title='bbox 313 3251 522 3343; x_wconf 85' lang='lat' dir='ltr'>Sapphonem</span> <span class='ocrx_word' id='word_1_224' title='bbox 550 3253 592 3317; x_wconf 80' lang='lat' dir='ltr'>ir.</span> <span class='ocrx_word' id='word_1_225' title='bbox 617 3252 661 3317; x_wconf 82' lang='lat'>47</span> <span class='ocrx_word' id='word_1_226' title='bbox 690 3249 729 3312; x_wconf 72' lang='lat' dir='ltr'>tt·</span> <span class='ocrx_word' id='word_1_227' title='bbox 749 3245 910 3332; x_wconf 79' lang='grc' dir='ltr'><strong><em>πάρθενος</em></strong></span> <span class='ocrx_word' id='word_1_228' title='bbox 935 3247 1120 3316; x_wconf 87' lang='lat' dir='ltr'>restitutum</span> 
     </span>
    </p>
   </div>
   <div class='ocr_carea' id='block_1_3' title="bbox 9 3345 1241 3444">
    <p class='ocr_par' dir='ltr' id='par_1_5' title="bbox 9 3345 1241 3444">
     <span class='ocr_line' id='line_1_29' title="bbox 9 3345 1241 3444; baseline -0.009 -20"><span class='ocrx_word' id='word_1_229' title='bbox 9 3381 117 3443; x_wconf 86' lang='lat' dir='ltr'>csse,</span> <span class='ocrx_word' id='word_1_230' title='bbox 165 3354 238 3420; x_wconf 86' lang='lat' dir='ltr'>nisi</span> <span class='ocrx_word' id='word_1_231' title='bbox 270 3355 358 3444; x_wconf 89' lang='lat' dir='ltr'>quod</span> <span class='ocrx_word' id='word_1_232' title='bbox 394 3355 517 3422; x_wconf 87' lang='lat' dir='ltr'>rectius</span> <span class='ocrx_word' id='word_1_233' title='bbox 548 3353 646 3420; x_wconf 85' lang='lat' dir='ltr'>etiam</span> <span class='ocrx_word' id='word_1_234' title='bbox 677 3346 893 3436; x_wconf 84' lang='lat' dir='ltr'>compositum</span> <span class='ocrx_word' id='word_1_235' title='bbox 928 3347 1122 3431; x_wconf 61' lang='lat' dir='ltr'>disciptinae</span> <span class='ocrx_word' id='word_1_236' title='bbox 1237 3345 1241 3360; x_wconf 87' lang='lat'>&#39;</span> 
     </span>
    </p>
   </div>
   <div class='ocr_carea' id='block_1_4' title="bbox 9 3449 1122 4366">
    <p class='ocr_par' dir='ltr' id='par_1_6' title="bbox 9 3449 1122 4366">
     <span class='ocr_line' id='line_1_30' title="bbox 9 3449 1121 3549; baseline -0.006 -24"><span class='ocrx_word' id='word_1_237' title='bbox 9 3459 236 3549; x_wconf 75' lang='lat' dir='ltr'>agnoscitur,</span> <span class='ocrx_word' id='word_1_238' title='bbox 281 3465 384 3522; x_wconf 91' lang='lat' dir='ltr'>nunc&#39;</span> <span class='ocrx_word' id='word_1_239' title='bbox 399 3465 533 3544; x_wconf 85' lang='lat' dir='ltr'>apparet</span> <span class='ocrx_word' id='word_1_240' title='bbox 562 3477 603 3518; x_wconf 82' lang='lat' dir='ltr'>ex</span> <span class='ocrx_word' id='word_1_241' title='bbox 624 3449 855 3541; x_wconf 83' lang='lat' dir='ltr'>Epimcriamis</span> <span class='ocrx_word' id='word_1_242' title='bbox 877 3450 1062 3516; x_wconf 84' lang='lat' dir='ltr'>Homericis</span> <span class='ocrx_word' id='word_1_243' title='bbox 1084 3453 1121 3518; x_wconf 89' lang='lat' dir='ltr'>in</span> 
     </span>
     <span class='ocr_line' id='line_1_31' title="bbox 9 3550 1122 3644; baseline -0.009 -16"><span class='ocrx_word' id='word_1_244' title='bbox 9 3561 171 3630; x_wconf 81' lang='lat' dir='ltr'>Aneedd.</span> <span class='ocrx_word' id='word_1_245' title='bbox 199 3559 295 3624; x_wconf 81' lang='lat' dir='ltr'>Parr.</span> <span class='ocrx_word' id='word_1_246' title='bbox 318 3557 394 3638; x_wconf 81' lang='lat'>111,</span> <span class='ocrx_word' id='word_1_247' title='bbox 417 3556 504 3638; x_wconf 80' lang='lat'>321,</span> <span class='ocrx_word' id='word_1_248' title='bbox 529 3555 570 3621; x_wconf 81' lang='lat'>12</span> <span class='ocrx_word' id='word_1_249' title='bbox 592 3577 686 3644; x_wconf 81' lang='lat' dir='ltr'>seqq.</span> <span class='ocrx_word' id='word_1_250' title='bbox 721 3551 822 3618; x_wconf 76' lang='grc' dir='ltr'><strong><em>πάντα</em></strong></span> <span class='ocrx_word' id='word_1_251' title='bbox 850 3552 882 3616; x_wconf 78' lang='grc' dir='ltr'>δὲ</span> <span class='ocrx_word' id='word_1_252' title='bbox 910 3550 949 3617; x_wconf 79' lang='lat' dir='ltr'>mi</span> <span class='ocrx_word' id='word_1_253' title='bbox 977 3551 1037 3618; x_wconf 78' lang='lat' dir='ltr'>dud</span> <span class='ocrx_word' id='word_1_254' title='bbox 1067 3557 1122 3618; x_wconf 79' lang='grc' dir='ltr'>τοῦ</span> 
     </span>
     <span class='ocr_line' id='line_1_32' title="bbox 9 3653 1121 3742; baseline -0.01 -14"><span class='ocrx_word' id='word_1_255' title='bbox 9 3663 55 3729; x_wconf 78' lang='grc' dir='ltr'>ἀεὶ</span> <span class='ocrx_word' id='word_1_256' title='bbox 79 3661 299 3742; x_wconf 66' lang='grc' dir='ltr'>συντιθέμενα</span> <span class='ocrx_word' id='word_1_257' title='bbox 321 3657 450 3735; x_wconf 60' lang='lat' dir='ltr'>decisio</span> <span class='ocrx_word' id='word_1_258' title='bbox 478 3659 506 3721; x_wconf 74' lang='lat' dir='ltr'>ci</span> <span class='ocrx_word' id='word_1_259' title='bbox 536 3654 710 3740; x_wconf 67' lang='grc' dir='ltr'>ὃνφθόγγοά</span> <span class='ocrx_word' id='word_1_260' title='bbox 735 3653 911 3740; x_wconf 75' lang='grc' dir='ltr'><strong><em>γράφονται</em></strong></span> <span class='ocrx_word' id='word_1_261' title='bbox 918 3703 949 3732; x_wconf 84' lang='grc'>,.</span> <span class='ocrx_word' id='word_1_262' title='bbox 969 3656 1035 3720; x_wconf 82' lang='grc' dir='ltr'><strong><em>οἷον</em></strong></span> <span class='ocrx_word' id='word_1_263' title='bbox 1057 3654 1121 3718; x_wconf 77' lang='grc' dir='ltr'><strong><em>αἐί-</em></strong></span> 
     </span>
     <span class='ocr_line' id='line_1_33' title="bbox 9 3754 1121 3848; baseline -0.01 -18"><span class='ocrx_word' id='word_1_264' title='bbox 9 3793 190 3847; x_wconf 71' lang='grc' dir='ltr'><strong><em>ανηστας,.</em></strong></span> <span class='ocrx_word' id='word_1_265' title='bbox 212 3761 402 3846; x_wconf 56' lang='lat' dir='ltr'>armenem,</span> <span class='ocrx_word' id='word_1_266' title='bbox 441 3759 656 3848; x_wconf 72' lang='lat' dir='ltr'>deipponpoc,</span> <span class='ocrx_word' id='word_1_267' title='bbox 695 3755 925 3840; x_wconf 52' lang='grc' dir='ltr'>Μάρωνος,</span> <span class='ocrx_word' id='word_1_268' title='bbox 969 3754 1121 3839; x_wconf 70' lang='grc' dir='ltr'><strong><em>ἀειφανής</em></strong></span> 
     </span>
     <span class='ocr_line' id='line_1_34' title="bbox 9 3855 1119 3950; baseline -0.009 -14"><span class='ocrx_word' id='word_1_269' title='bbox 9 3871 84 3950; x_wconf 75' lang='grc' dir='ltr'>αλῆν</span> <span class='ocrx_word' id='word_1_270' title='bbox 106 3871 172 3935; x_wconf 85' lang='grc' dir='ltr'>τοῦ</span> <span class='ocrx_word' id='word_1_271' title='bbox 199 3861 313 3937; x_wconf 76' lang='grc' dir='ltr'>ἀΐδιος.</span> <span class='ocrx_word' id='word_1_272' title='bbox 379 3862 511 3945; x_wconf 75' lang='lat' dir='ltr'>Deinde</span> <span class='ocrx_word' id='word_1_273' title='bbox 533 3859 706 3926; x_wconf 84' lang='lat' dir='ltr'>duodecim</span> <span class='ocrx_word' id='word_1_274' title='bbox 726 3858 966 3925; x_wconf 76' lang='lat' dir='ltr'>vocisformne</span> <span class='ocrx_word' id='word_1_275' title='bbox 989 3855 1119 3926; x_wconf 78' lang='lat' dir='ltr'>enu&#39;me·</span> 
     </span>
     <span class='ocr_line' id='line_1_35' title="bbox 9 3959 1121 4050; baseline -0.007 -18"><span class='ocrx_word' id='word_1_276' title='bbox 9 3985 146 4050; x_wconf 73' lang='lat' dir='ltr'>rantur,</span> <span class='ocrx_word' id='word_1_277' title='bbox 175 3963 239 4030; x_wconf 91' lang='lat' dir='ltr'>ubi</span> <span class='ocrx_word' id='word_1_278' title='bbox 262 3961 302 4027; x_wconf 90' lang='lat' dir='ltr'>de</span> <span class='ocrx_word' id='word_1_279' title='bbox 318 3963 467 4030; x_wconf 84' lang='lat' dir='ltr'>Aeolicia</span> <span class='ocrx_word' id='word_1_280' title='bbox 488 3965 586 4029; x_wconf 69' lang='lat' dir='ltr'>haece</span> <span class='ocrx_word' id='word_1_281' title='bbox 619 3963 673 4026; x_wconf 76' lang='grc' dir='ltr'>ναὶ</span> <span class='ocrx_word' id='word_1_282' title='bbox 695 3961 746 4026; x_wconf 72' lang='lat' dir='ltr'>att·</span> <span class='ocrx_word' id='word_1_283' title='bbox 762 3959 814 4024; x_wconf 70' lang='lat' dir='ltr'>ort</span> <span class='ocrx_word' id='word_1_284' title='bbox 835 3962 925 4026; x_wconf 70' lang='lat' dir='ltr'>rotz</span> <span class='ocrx_word' id='word_1_285' title='bbox 946 3959 1034 4045; x_wconf 73' lang='grc' dir='ltr'>παρὰ</span> <span class='ocrx_word' id='word_1_286' title='bbox 1055 3963 1121 4036; x_wconf 71' lang='grc' dir='ltr'>ταῖς</span> 
     </span>
     <span class='ocr_line' id='line_1_36' title="bbox 9 4058 1119 4151; baseline -0.014 -11"><span class='ocrx_word' id='word_1_287' title='bbox 9 4077 170 4141; x_wconf 78' lang='grc' dir='ltr'>Αἰολεῦσι</span> <span class='ocrx_word' id='word_1_288' title='bbox 198 4068 254 4130; x_wconf 76' lang='grc' dir='ltr'>καὶ</span> <span class='ocrx_word' id='word_1_289' title='bbox 274 4067 355 4130; x_wconf 69' lang='lat' dir='ltr'>otetu-</span> <span class='ocrx_word' id='word_1_290' title='bbox 379 4065 459 4151; x_wconf 65' lang='lat' dir='ltr'>(leg.</span> <span class='ocrx_word' id='word_1_291' title='bbox 484 4063 561 4150; x_wconf 70' lang='lat' dir='ltr'>etit)</span> <span class='ocrx_word' id='word_1_292' title='bbox 582 4062 713 4128; x_wconf 77' lang='grc' dir='ltr'><strong><em>σύντονα</em></strong></span> <span class='ocrx_word' id='word_1_293' title='bbox 734 4059 819 4148; x_wconf 79' lang='grc' dir='ltr'>παρ’</span> <span class='ocrx_word' id='word_1_294' title='bbox 839 4058 958 4137; x_wconf 66' lang='lat' dir='ltr'>adscire</span> <span class='ocrx_word' id='word_1_295' title='bbox 989 4064 1119 4144; x_wconf 58' lang='grc' dir='ltr'>’ὅμοίως</span> 
     </span>
     <span class='ocr_line' id='line_1_37' title="bbox 9 4161 1120 4258; baseline -0.012 -22"><span class='ocrx_word' id='word_1_296' title='bbox 9 4179 32 4241; x_wconf 70' lang='grc' dir='ltr'>δὲ</span> <span class='ocrx_word' id='word_1_297' title='bbox 55 4173 148 4258; x_wconf 81' lang='grc' dir='ltr'><strong><em>παρ’</em></strong></span> <span class='ocrx_word' id='word_1_298' title='bbox 178 4165 291 4242; x_wconf 68' lang='grc' dir='ltr'><strong><em>αὐτοῖς</em></strong></span> <span class='ocrx_word' id='word_1_299' title='bbox 319 4169 372 4230; x_wconf 78' lang='grc' dir='ltr'>καὶ</span> <span class='ocrx_word' id='word_1_300' title='bbox 401 4165 449 4232; x_wconf 77' lang='lat' dir='ltr'>iira</span> <span class='ocrx_word' id='word_1_301' title='bbox 479 4165 568 4253; x_wconf 76' lang='lat' dir='ltr'>(leg.</span> <span class='ocrx_word' id='word_1_302' title='bbox 594 4161 650 4248; x_wconf 79' lang='lat' dir='ltr'>iii)</span> <span class='ocrx_word' id='word_1_303' title='bbox 681 4163 857 4248; x_wconf 76' lang='grc' dir='ltr'><strong><em>βαρύτονον</em></strong></span> <span class='ocrx_word' id='word_1_304' title='bbox 884 4162 1012 4229; x_wconf 63' lang='lat' dir='ltr'>dicineo</span> <span class='ocrx_word' id='word_1_305' title='bbox 1030 4165 1046 4224; x_wconf 86' lang='grc' dir='ltr'>ῐ</span> <span class='ocrx_word' id='word_1_306' title='bbox 1066 4168 1120 4230; x_wconf 72' lang='grc' dir='ltr'>καὶ</span> 
     </span>
     <span class='ocr_line' id='line_1_38' title="bbox 9 4263 1120 4366; baseline -0.006 -29"><span class='ocrx_word' id='word_1_307' title='bbox 9 4279 151 4366; x_wconf 71' lang='grc' dir='ltr'><strong><em>νυστολῇ</em></strong></span> <span class='ocrx_word' id='word_1_308' title='bbox 185 4273 245 4349; x_wconf 80' lang='grc' dir='ltr'>τῆς</span> <span class='ocrx_word' id='word_1_309' title='bbox 268 4264 448 4355; x_wconf 75' lang='grc' dir='ltr'><em>ἀρχούσης,</em></span> <span class='ocrx_word' id='word_1_310' title='bbox 479 4265 512 4341; x_wconf 76' lang='grc' dir='ltr'>ἐξ</span> <span class='ocrx_word' id='word_1_311' title='bbox 534 4263 573 4330; x_wconf 88' lang='grc' dir='ltr'>οὗ</span> <span class='ocrx_word' id='word_1_312' title='bbox 594 4269 648 4328; x_wconf 76' lang='grc' dir='ltr'>καὶ</span> <span class='ocrx_word' id='word_1_313' title='bbox 676 4263 709 4331; x_wconf 79' lang='grc' dir='ltr'>τὸ</span> <span class='ocrx_word' id='word_1_314' title='bbox 735 4264 834 4331; x_wconf 72' lang='grc' dir='ltr'><strong><em>ἀΐδιον</em></strong></span> <span class='ocrx_word' id='word_1_315' title='bbox 853 4272 869 4326; x_wconf 90' lang='grc' dir='ltr'>ῐ</span> <span class='ocrx_word' id='word_1_316' title='bbox 890 4263 1044 4352; x_wconf 73' lang='grc' dir='ltr'>γράφεται</span> <span class='ocrx_word' id='word_1_317' title='bbox 1065 4270 1120 4332; x_wconf 72' lang='grc' dir='ltr'>καὶ</span> 
     </span>
    </p>
   </div>
   <div class='ocr_carea' id='block_1_5' title="bbox 37 4393 920 4475">
    <p class='ocr_par' dir='ltr' id='par_1_7' title="bbox 37 4393 920 4475">
     <span class='ocr_line' id='line_1_39' title="bbox 37 4393 920 4475; baseline -0.014 -3"><span class='ocrx_word' id='word_1_318' title='bbox 37 4409 90 4475; x_wconf 89' lang='grc' dir='ltr'>ΙΙ.</span> <span class='ocrx_word' id='word_1_319' title='bbox 878 4393 920 4460; x_wconf 83' lang='grc'>33</span> 
     </span>
    </p>
   </div>
   <div class='ocr_carea' id='block_1_6' title="bbox 0 0 1382 4818">
    <p class='ocr_par' dir='ltr' id='par_1_8' title="bbox 0 0 1382 4818">
     <span class='ocr_line' id='line_1_40' title="bbox 0 0 1382 4818; baseline 0 10"><span class='ocrx_word' id='word_1_320' title='bbox 0 0 1382 4818; x_wconf 95' lang='lat' dir='ltr'> </span> 
     </span>
    </p>
   </div>
  </div>
 </body>
</html>
