2706 4818
240 377 313 456 118
505 323 506 326 ¹
588 407 607 444 .·
639 377 705 458 ¹lle
730 371 930 448 vocalibus.

239 581 347 672 pateis
370 581 472 648 ¹699:
490 577 584 646 17⁰3.
610 579 705 648 lano.
731 575 827 643 1706.
843 608 884 626 -··
915 573 1031 640 Simile
1047 584 1115 658 est,
1137 569 1317 664 qnodPind.

241 683 297 772 01.
321 681 392 766 Vl,
415 681 456 748 55
476 681 513 745 in
534 679 660 744 duobus
683 679 778 744 libris
801 675 1151 764 flessooypsboclegitur
1170 698 1189 740 a
1209 673 1320 758 βρίχω,

240 797 330 850 recte
360 794 467 850 umen
497 781 685 853 Boeclrbiua
718 780 806 869 egit,
851 779 940 870 quod
970 779 1107 845 formam
1134 775 1321 843 incertiorem

240 911 308 952 non
329 885 463 976 recepit.
491 909 492 914 ¹

328 989 457 1072 φρασί
477 987 542 1076 pio
560 987 675 1068 φρεσί,
704 1005 770 1072 quo
791 983 955 1049 Pindarus
977 983 1081 1074 utitur
1106 982 1172 1070 vid.
1193 979 1318 1047 Boeckb.

242 1087 334 1156 Nou.
360 1087 417 1154 Cr.
449 1112 484 1178 p.
509 1088 571 1154 385
600 1099 799 1176 tqnonqnam
820 1084 906 1150 idem
928 1083 1033 1170 φρήν,
1069 1085 1200 1169 φρενός,
1231 1080 1323 1165 φρένες

242 1190 342 1275 etc),
366 1191 406 1254 ab
421 1189 592 1256 Eustatbio
609 1189 670 1271 32,
694 1189 735 1254 14
756 1186 916 1252 Doricum
937 1187 1140 1276 appellatur,
1164 1209 1222 1251 nec
1242 1182 1321 1248 male.

242 1290 328 1360 Nam
356 1291 615 1380 antiquissimam
644 1289 791 1378 linguam
814 1317 834 1352 α
855 1289 890 1353 in
912 1313 949 1353 ea
970 1311 1049 1355 voce
1071 1288 1224 1354 babuisse
1243 1282 1324 1352 rerba

243 1391 402 1480 εὐφραὶνω
424 1403 457 1458 ct
479 1390 623 1477 ἇφραίνω
644 1391 802 1476 docent3'
823 1391 988 1479 antiquam
1009 1379 1146 1456 formam
1168 1387 1252 1479 apud
1269 1386 1324 1452 Do·

243 1495 370 1562 menses
398 1494 560 1562 resedisse
592 1517 610 1559 e
637 1492 728 1560 vocis
757 1495 859 1576 ἴρανες
889 1491 1038 1580 analogia
1069 1492 1225 1581 colligere
1250 1488 1344 1567 licet:

244 1619 306 1664 nec
336 1606 458 1670 temere
490 1594 651 1684 Hesycbii
682 1597 843 1679 φρανίζω,
887 1597 1072 1681 σωφρονίζει»
1103 1595 1129 1660 1.
1160 1620 1191 1660 e.
1221 1587 1344 1679 ’φρεσὸω1

244 1698 405 1766 Doricum
426 1698 539 1764 baberi
560 1698 699 1764 videtur.
756 1695 913 1762 *Ceterum
942 1696 1110 1781 conferam
1142 1691 1344 1787 quae§.19¹

244 1799 285 1867 dc
306 1799 421 1883 ποιμήν
443 1799 679 1864 adnotabimus.
733 1799 736 1807 '
1343 1791 1344 1804 ¹

184 1985 187 1992 ⁴
330 1901 512 1988 χάραόσς
532 1900 622 1964 tabb.
635 1899 767 1966 Heracl.
791 1897 829 1988 Ι,
850 1897 903 1964 12.
916 1897 978 1980 25,
1000 1897 1057 1962 ubi
1077 1899 1130 1965 via
1154 1917 1329 1965 commemo·

245 2013 337 2070 ratur
357 2001 409 2068 διὰ
429 2006 474 2066 τῶ
493 2001 647 2088 χαράόεσς
670 2000 795 2084 dyona,
831 1997 1022 2066 Mazocclrio
1048 2011 1174 2066 temere
1196 2023 1300 2068 vocem
1318 1987 1344 2060 r*

116 2191 118 2194 7
246 2105 403 2193 χαραδεὺς
423 2104 610 2186 derivante,
645 2102 733 2191 qnod
753 2101 911 2168 Doricum
942 2101 1138 2168 vocabulum
1160 2127 1234 2168 esse
1254 2097 1344 2186 fingit}

246 2207 395 2294 ejusdem
416 2228 512 2294 quam
533 2203 678 2290 χαράδρα
702 2202 971 2291 significationis,
993 2204 1103 2292 potius
1119 2202 1280 2271 Doricum
1296 2208 1334 2266 eat

246 2331 308 2398 pro
338 2308 470 2392 χέραδος
502 2306 602 2372 Hom.
628 2305 669 2369 ll.
698 2332 740 2388 φ,
765 2305 828 2371 319
857 2306 900 2370 cf.
933 2304 1062 2394 Spitzn.
1091 2305 1175 2372 Exc.
1199 2300 1344 2384 XXXlL]

237 2408 357 2498 itaque
388 2407 480 2473 littus
513 2405 709 2472 maritimum
740 2405 923 2494 significat,
963 2405 1118 2490 calculis,
1159 2432 1275 2491 arena,
1310 2393 1344 2468 etl

248 2533 461 2601 quaecunque
482 2531 570 2574 mare
593 2510 801 2598 superfusum
824 2508 1010 2598 relinquere
1032 2508 1117 2573 solet
1137 2520 1271 2578 tectum.

332 2611 466 2678 Praeter
493 2611 573 2675 baec
594 2609 775 2674 Dorienses
800 2612 819 2674 ἅ
845 2633 905 2698 pro
928 2609 1054 2696 vulgari
1077 2635 1091 2672 ε
1112 2607 1335 2698 proferuntur

247 2712 408 2780 adverbiis
437 2711 526 2796 locis,
550 2735 632 2800 qnae
660 2711 695 2774 in
719 2721 765 2774 θα
786 2736 846 2801 pro
870 2720 909 2774 de
931 2722 1071 2795 exeunt,
1095 2722 1132 2776 ut
1156 2715 1269 2778 ἄνωθα
1288 2730 1334 2800 pro

249 2814 372 2894 ἅνωθε,
405 2825 439 2879 et
466 2813 627 2879 adverbiis
657 2813 812 2901 temporis
842 2834 915 2878 eum
945 2812 1178 2890 terminatione
1210 2842 1272 2881 οκα
1289 2829 1344 2900 prol

247 2931 316 3000 ors,
346 2927 383 2981 ut
404 2915 517 2980 ἄλλσκα
539 2937 598 3003 pro
622 2914 726 2978 ἄλλοτε
755 2914 820 2980 vid.
845 2915 877 2996 §.
901 2915 956 2980 44.
1006 2913 1251 2982 Heracleenses
1271 2914 1336 2980 adeo

152 3034 160 3046 ·
246 3017 361 3083 tertiae
390 3015 618 3083 declinationis
648 3016 789 3080 dativum
817 3015 976 3104 pluralem
1005 3015 1047 3080 in·
1072 3041 1151 3081 ασσι
1178 3028 1337 3086 exeuntem

247 3118 386 3198 babent,
428 3141 525 3208 quem
553 3116 655 3184 Doris
684 3116 792 3182 minus
826 3140 937 3181 severa
965 3117 1000 3180 in
1031 3131 1121 3200 εσσσ,
1160 3131 1201 3186 nt
1229 3120 1339 3186 irtaco

249 3243 310 3312 pro
324 3219 463 3288 ἐόντεσσι
475 3221 542 3287 vid.
560 3221 592 3303 ἐξ
607 3219 661 3303 110,
682 3221 713 3285 3.
737 3255 777 3268 -
799 3220 851 3284 De
867 3219 998 3285 Cretico
1013 3217 1096 3293 τὰως
1108 3241 1172 3309 pro
1188 3225 1266 3298 τέως
1285 3218 1337 3286 vid.

248 3323 281 3408 §-
295 3324 350 3404 24,
366 3323 400 3406 8,
424 3323 465 3388 de
479 3317 608 3388 Cretico
633 3319 729 3406 ἇὲρσα
752 3345 812 3410 pro
835 3325 930 3402 ἕρση,
955 3321 1046 3404 ἐέρση
1070 3326 1101 3401 ᾗ.
1121 3323 1155 3404 5,
1172 3327 1217 3405 Χ7.
1264 3320 1341 3389 Alie·

248 3449 327 3490 num
349 3425 389 3490 ab
410 3427 473 3488 hoc
494 3424 568 3491 loco
590 3433 640 3488 est
660 3450 720 3507 κα,
744 3423 838 3510 eujus
860 3421 981 3488 vocalia
995 3422 1203 3512 producitur,
1227 3449 1287 3516 pro
1302 3423 1339 3490 ἄν.

248 3551 282 3593 κε
301 3525 369 3594 vid.
392 3527 424 3610 ἓ.
448 3526 502 3592 45.
1102 3581 1105 3584 .

333 3627 500 3694 Nonnulla
522 3651 540 3692 a
561 3626 778 3717 grammaticis
801 3627 883 3692 male
895 3652 956 3716 pro
975 3627 1109 3695 Doricis
1126 3631 1341 3704 venditantur,

250 3740 287 3794 ut
315 3728 460 3820 ἆμφιάζω
494 3730 598 3812 (Anu.
625 3728 712 3794 Oxx.
737 3728 790 3812 ll,
813 3730 876 3795 339
907 3742 940 3794 et
967 3729 1019 3794 Et.
1045 3729 1088 3794 G.
1115 3731 1182 3813 48,
1207 3734 1267 3808 41)
1294 3753 1330 3820 pr

250 3830 388 3914 ἅμφιὲζω
410 3832 435 3896 1.
459 3855 488 3896 e.
514 3830 696 3913 ἇμφιέννυμι
716 3829 836 3895 dictum
858 3831 993 3908 volunt,
1016 3833 1255 3921 quampotius
1276 3831 1333 3898 Ale

249 3932 407 3998 xandrina
435 3955 498 3999 vor
527 3931 570 3996 ait
600 3929 680 4017 (vid.
706 3931 816 3998 Sturz.
848 3933 889 3998 de
912 3933 988 3998 dial.
1012 3932 1138 3999 Maced.
1168 3929 1214 4024 xp.
1243 3935 1336 4003 146σ

212 4065 214 4070 ’
248 4033 383 4102 Jacobs.
405 4035 445 4098 ad
459 4033 568 4100 Goell.
592 4057 626 4122 p.
641 4033 718 4112 259)
741 4033 781 4097 ab
804 4031 884 4114 ἀμφί
903 4034 1045 4102 derivata
1066 4046 1102 4122 nt
1125 4033 1267 4112 ἀντιάζω
1288 4041 1336 4098 aut

250 4136 284 4204 id
305 4135 393 4224 quod
413 4136 509 4200 nobis
532 4135 635 4222 magis
658 4135 785 4223 placet,
825 4136 974 4202 afuturo
998 4136 1105 4220 ἇμφιῶ
1123 4137 1237 4221 lacta„
1272 4159 1331 4226 quo

237 4239 287 4316 ,ab
319 4235 463 4319 ἆμφιάζω
497 4236 692 4302 descendere
722 4245 899 4325 putarunt,
945 4249 980 4303 ut
1011 4243 1091 4304 celui
1122 4262 1140 4302 a
1170 4238 1297 4315 πελάζω
1323 4257 1338 4298 e
