2754 4818
363 388 609 500 Aeniorum
636 388 839 501 ramum.
1062 431 1138 507 ιιι

129 622 281 691 Ceterum
304 648 343 691 ex
375 623 492 690 iisdem
521 625 619 692 libris
641 626 801 693 editorum
824 628 966 697 subinde
988 637 1136 702 emenda·

42 724 108 791 tior
127 725 226 792 lectio
250 727 406 816 suppetit.

127 825 240 940 §.⁹33.
285 854 337 920 De
367 868 543 922 accentu
565 857 722 924 Boeotico
745 859 809 925 duo
830 860 977 948 graviora
1001 864 1137 932 Arcadii

40 951 226 1020 testimonia
254 957 474 1047 negleximus.
541 958 694 1026 Alterum
717 973 846 1028 nostrae
869 964 1018 1053 opinioni
1040 990 1137 1057 quam

38 1056 180 1122 maxime
201 1059 366 1125 adversari
388 1059 539 1126 uideturs
585 1087 618 1151 p.
643 1061 705 1146 39,
727 1065 749 1130 8
790 1064 836 1130 Tri
859 1067 902 1142 εἰς
925 1068 962 1143 ος
981 1070 1057 1152 ὑπὲρ
1082 1069 1136 1136 δύο

39 1155 198 1240 συλλαβᾶς
235 1164 277 1242 τῷ
312 1167 334 1242 ῆ
366 1160 604 1246 παραληγόμενα
638 1162 673 1228 τύ
706 1165 815 1246 αι’ζηύς
847 1169 928 1232 ἐστίν
957 1167 1137 1255 όξυνόμενον

36 1261 129 1342 (sic).
184 1260 218 1326 τύ
248 1261 307 1348 γὰρ
336 1261 489 1342 πύληος
518 1270 573 1330 κατ’
603 1265 755 1350 ἅρχηος
783 1267 864 1333 κατὰ
885 1269 1003 1356 τροπῆν
1024 1277 1080 1351 τῆς
1102 1285 1136 1344 αῖ

37 1360 213 1446 ὃιφθόγγου
235 1366 348 1448 ἐγένετο
381 1371 435 1432 καὶ
462 1366 744 1450 προπαροξύνεται.
799 1369 833 1437 τύ
864 1375 896 1435 δὲ
927 1372 1048 1455 ὅρηος
1083 1380 1136 1441 καλ

36 1461 114 1529 αύτό
144 1465 349 1548 παροξύνεται
383 1469 468 1558 (leg.
493 1467 776 1558 προπαροξύνεται)
818 1471 897 1536 κατὰ
933 1475 1053 1558 τροπὴν
1081 1481 1136 1556 τῆς
1179 1559 1182 1568 1

36 1569 72 1631 ἆῖ
95 1560 174 1658 (leg.
199 1573 239 1642 ει)
264 1567 437 1652 διφθόγγου
457 1568 594 1653 γεγονός.
633 1568 669 1634 τύ
692 1571 725 1633 δὲ
751 1572 767 1634 ε’
771 1572 918 1656 χὲνηος
945 1580 999 1640 καλ
1021 1579 1136 1644 πολύ-

32 1694 134 1748 νηος
169 1668 376 1755 παροξύνεται
415 1672 497 1762 (icg.
531 1669 834 1758 προπαροξύνεται).
866 1673 1025 1741 ούνθετα
1058 1680 1131 1766 γάρ.

31 1771 121 1837 Nam
143 1769 263 1850 πάληος
284 1784 316 1838 et
340 1772 459 1858 ύρχηος
482 1773 637 1839 Boeotico
660 1786 738 1838 sunt
759 1774 826 1839 vid.
850 1775 882 1860 ἓ.
905 1776 971 1862 40,
997 1779 1026 1843 1.
1072 1780 1135 1846 vi-

31 1873 78 1938 de
109 1882 237 1956 tamen,
273 1861 313 1942 ne
335 1877 414 1942 haee
437 1876 551 1966 regula
573 1876 852 1966 perturbatissime
874 1877 929 1942 sit.
997 1880 1036 1944 ln
1059 1880 1134 1946 utti-

1 2031 2 2036 ,
28 1973 101 2042 mis
122 1976 342 2061 correximus,
365 2003 448 2068 quae
471 1977 666 2070 corrigenda
688 1990 790 2044 erant.
835 1978 971 2045 Initium
994 1982 1133 2049 eTheo·

29 2088 154 2168 gnosto
174 2077 262 2143 Oxx.
286 2079 339 2163 ll,
364 2080 425 2164 51,
449 2081 492 2148 18
518 2081 626 2147 etEt.
651 2079 699 2144 Μ.
723 2079 783 2166 32,
807 2082 849 2164 4,
879 2083 937 2172 qui
961 2095 1070 2173 aperte
1092 2108 1134 2149 ex

28 2180 150 2248 eodem
172 2180 287 2262 tonte,
321 2181 535 2268 Herodiano,
569 2185 772 2264 hauserunt,
808 2183 872 2250 nisi
902 2185 991 2274 qnod
1014 2184 1053 2252 de
1081 2209 1132 2250 ae·

1 2323 2 2353 r
26 2291 133 2351 centu
154 2292 347 2366 tacuerunt,
381 2284 416 2348 in
439 2286 527 2350 hune
549 2284 682 2349 modum
707 2284 923 2373 supplendum
946 2309 1019 2352 esse
1042 2288 1132 2355 vide·

24 2399 109 2453 tura
154 2383 193 2447 τύ
214 2425 255 2435 -
277 2385 517 2471 παραληγόμενα
547 2387 629 2450 ἁπλᾶ
657 2381 737 2448 κατὰ
765 2384 872 2464 κοινὴν
894 2385 1052 2455 διάλεκτον
1075 2388 1132 2455 otiu

24 2490 118 2556 ἔστιν
140 2487 257 2570 εὑρεῖν,
282 2489 310 2549 εἰ
330 2486 371 2568 μὴ
394 2487 428 2552 cd
453 2485 562 2564 αἰζηὸς
584 2485 776 2567 ὀξυνόμενον.
822 2487 936 2576 ltaque
960 2513 1001 2555 ne
1024 2491 1130 2557 media

22 2587 187 2682 quidem,
223 2611 307 2678 quae
329 2588 370 2652 ad
392 2588 585 2653 Boeotieum
607 2599 777 2652 accentum
799 2589 988 2678 pertinent,
1024 2594 1131 2683 suspi-

21 2691 141 2760 cionis
164 2687 353 2775 contagium
375 2687 496 2755 evitare
517 2701 681 2778 possunt,
705 2711 890 2779 quanquam
913 2703 999 2757 certa
1022 2695 1130 2762 mede·

19 2799 57 2864 t.
82 2813 154 2858 non
177 2790 334 2879 suppetit.

1 2961 3 2972 =
116 2919 215 2987 Alter
235 2919 373 2987 Arcadii
397 2920 491 2986 loeus
512 2943 531 2985 c
552 2921 715 2985 contrario
732 2917 898 3006 judicium
920 2932 1066 2988 nostrum
1089 2924 1130 2990 de

15 3023 187 3096 Boeotios
216 3033 371 3096 accentus
400 3022 527 3088 ratione
555 3023 688 3112 egregie
711 3021 900 3088 confirmat:
944 3047 977 3112 p.
1001 3025 1064 3106 93,
1087 3025 1127 3091 21

22 3126 82 3196 Toi
116 3127 161 3201 εἰς
190 3127 224 3200 εἷς
253 3123 470 3207 πολυσύλλαβα
498 3124 771 3208 κοινολεκτούμενα
800 3123 1028 3212 παροξύνεται,
1073 3128 1130 3192 du-

15 3229 161 3318 φνήεις,
185 3227 334 3307 κητύεις.
370 3234 403 3292 αἱ
426 3230 459 3292 dd
479 3232 605 3312 μετοχαὶ
628 3226 804 3303 detranat,
834 3230 983 3307 τυφθεὶς,
1012 3230 1126 3302 τυπείς.

12 3333 56 3400 τὸ
93 3333 129 3394 δὲ
156 3335 237 3407 κτεὶς
259 3330 401 3408 ὀξύτονον
423 3332 467 3405 ὠς
487 3327 720 3412 μονοσύλλαβον
748 3325 974 3401 solstitiale.
1024 3333 1077 3392 κατ’
1098 3335 1128 3394 οἱ

11 3436 170 3502 Βοιωτολ
196 3430 231 3498 τύ
261 3434 281 3511 ἦ
309 3436 370 3496 τοῖν
398 3435 442 3507 εἰς
471 3437 511 3510 ῆξ
533 3434 576 3505 εἰς
599 3428 628 3492 Ξῖ
655 3430 816 3512 τρέποντες
845 3426 1008 3506 ὀξύνουσιν
1036 3428 1126 3508 αὐτοὶ,

11 3536 210 3622 εὐγενεῖς
243 3533 309 3600 ἀντὶ
338 3532 480 3618 εὐγενής,
517 3531 631 3615 dyracio
654 3529 720 3596 ἀντὶ
742 3530 868 3616 ἀγενεῖς.
915 3531 1127 3621 corruptelae

8 3645 54 3708 in
78 3647 155 3704 tota
176 3637 290 3726 regula
311 3637 439 3702 nullum
458 3634 651 3726 vestigium.
671 3674 713 3686 -
741 3636 912 3702 Postremo
935 3634 1126 3703 Bocotieum

10 3741 80 3821 ὁής
112 3761 176 3828 pro
202 3740 270 3814 δαίς
297 3749 333 3804 nt
353 3749 520 3828 oxytonon
544 3737 675 3804 affertur
695 3737 736 3802 ab
759 3737 903 3804 Arcadio
925 3763 958 3827 p.
984 3737 1067 3816 106,
1090 3739 1126 3823 9„

5 3866 132 3938 quum
154 3839 315 3907 Lesbiaco
338 3842 496 3907 dialectos
519 3839 764 3905 circumflexum
783 3841 940 3928 postulet.

109 3972 262 4056 Apparet
283 3964 380 4032 etism
403 3989 444 4031 ex
463 3966 517 4032 lris
539 3964 676 4032 Arcadii
701 3967 909 4057 praeceptis,
943 3990 1008 4032 non
1031 3977 1124 4033 caute

2 4075 139 4166 egisse
161 4068 339 4135 Ernestum
363 4067 534 4150 Curtium,
557 4067 671 4157 quiin
694 4067 881 4147 Boeoticis,
905 4092 987 4157 quas
1009 4070 1123 4149 edidit,

2 4170 301 4261 inscriptionibus
330 4179 442 4236 nostro
465 4169 594 4257 judicio
621 4179 731 4258 spreto
752 4169 948 4238 Lesbiaeam
969 4181 1124 4240 accentus

4 4281 188 4348 rationem
209 4283 369 4363 sequutus
390 4281 452 4339 cst.

867 4417 927 4483 33·
