2742 4814
221 368 299 448 416
466 367 501 460 §·
526 369 588 449 49.
641 372 700 443 De
724 368 916 444 severiore
938 368 1090 446 Doride.

225 559 418 659 stinguitur.
477 566 572 650 Quae
596 589 670 634 sunu
701 589 775 634 csse
795 567 916 634 'omnia
945 590 1115 642 esnmma
1136 567 1317 660 antiqnitnte

224 670 385 758 religiose
411 679 562 753 maesta,
595 669 652 736 vix
679 692 764 759 opus
786 679 874 736 esset
893 669 1092 750 admonere,
1126 672 1196 738 nisi
1219 671 1259 739 C.
1280 671 1316 738 0.

223 772 347 838 bli'uller
367 771 561 838 Laconibus
583 773 721 838 eandem
749 763 885 860 linquae
912 783 1012 862 atque
1031 795 1159 842 merum
1183 787 1218 842 et
1237 773 1317 840 insti·

222 886 369 940 tutorum
389 873 607 940 constantiam
628 873 855 940 vindicaturus
880 875 919 940 ia
950 875 1089 942 diatribe
1119 877 1162 944 da
1191 877 1319 944 dialecto
1363 863 1364 896 ³

223 976 369 1060 Dorica,
398 999 483 1066 quae
504 975 688 1042 clarissimo
710 976 750 1040 dc
771 975 996 1047 Doriensibna
1016 981 1111 1070 operi
1134 981 1247 1048 addita
1267 991 1319 1063 est,

223 1079 331 1167 magis
351 1078 505 1144 minusve
528 1089 638 1166 aperte
659 1077 902 1168 significasset,
933 1090 972 1146 ut
991 1079 1154 1148 Doridem
1181 1107 1263 1174 prae
1281 1105 1321 1148 re·

223 1182 326 1272 liquis
343 1179 493 1247 dialectis
515 1179 571 1258 (de
594 1203 659 1269 qua
679 1204 716 1246 re
738 1205 838 1272 snpra
860 1181 1046 1268 diximus),¹
1063 1185 1109 1250 ita
1130 1185 1321 1250 Laconicam

222 1285 372 1372 linguam
392 1305 472 1373 prae
493 1281 633 1370 reliquis
645 1281 785 1350 Doridis
805 1285 984 1370 generibus
1006 1285 1216 1374 antiquitatis
1236 1287 1322 1354 lande
1364 1277 1365 1282 ¹

222 1387 389 1474 insignem
409 1408 498 1452 ease.
542 1385 591 1450 At
614 1407 671 1464 ea,
694 1407 779 1475 quae
799 1385 953 1454 heones
975 1399 1088 1456 eontra
1108 1389 1261 1480 reliquae
1282 1411 1323 1456 se

223 1487 364 1568 verioris
385 1486 526 1553 Doridis
546 1508 643 1552 usum
664 1487 1011 1576 peculias-lababent,
1034 1491 1144 1557 omnia
1164 1493 1323 1582 originem
1363 1479 1365 1486 ’

225 1590 333 1682 magis
352 1591 504 1657 minusve
526 1600 691 1656 mceutem
720 1613 798 1679 prae
821 1613 857 1656 se
878 1592 1000 1659 lerunt.
1040 1594 1205 1683 Apparet
1237 1593 1324 1684 spiri·

224 1707 296 1760 tum
318 1715 470 1783 asperum
492 1717 510 1760 e
533 1692 639 1784 sigma
661 1702 769 1758 ortum
791 1680 887 1772 esse,
920 1718 987 1760 non
1009 1695 1116 1786 sigma
1136 1720 1179 1762 ex
1200 1718 1324 1786 aspro,

222 1809 261 1862 ut
281 1797 317 1864 in
338 1798 462 1876 ἐποίηὲ,
487 1796 627 1880 ὅρμαον,
650 1817 753 1883 quum
774 1794 880 1882 sigma
895 1796 1017 1863 aoristo
1034 1798 1141 1887 primo
1157 1799 1324 1888 proprium
1365 1853 1366 1860 ,

224 1899 285 1984 sit3
318 1911 451 1990 apparet
480 1923 499 1982 ρ
530 1922 548 1964 e
581 1922 601 1963 σ
630 1898 869 1984 degenerasse,
902 1923 987 1989 quae
1015 1900 1151 1989 mutatio
1173 1900 1276 1967 etiam
1294 1901 1325 1966 in

192 2024 196 2034 ¹
221 2000 344 2067 Latina
363 2000 480 2090 lingua
502 2011 535 2066 et
555 2000 732 2066 vernacula
754 2011 937 2090 spectatur,
970 2012 1007 2067 ut
1036 2005 1163 2070 arbor
1191 2015 1246 2070 est
1274 2025 1324 2093 pro

223 2103 409 2194 antiquiore
431 2102 576 2188 arbos,
598 2094 777 2169 'l'bcotisee
796 2125 881 2170 war
899 2122 961 2192 pro
981 2128 1086 2190 was3
1108 2104 1325 2190 certissimum

224 2217 296 2291 est,
334 2231 353 2270 σ
380 2229 441 2295 pro
470 2215 497 2270 o
523 2204 716 2294 depravatqe
745 2204 925 2272 elocutioni
957 2205 1091 2290 deberi,
1126 2231 1189 2273 nee
1218 2207 1325 2272 minus

224 2309 408 2400 simplicem
431 2328 549 2372 sonum
571 2310 643 2372 det
664 2306 921 2374 semibarbarum
943 2310 980 2372 dd
1008 2307 1176 2375 inlocum
1199 2310 1325 2398 elegan-

221 2413 318 2480 tioris
339 2420 373 2478 et
394 2411 521 2477 Graeco
543 2409 593 2476 ori
612 2409 740 2500 proprii
762 2415 797 2488 ζ,
834 2409 892 2499 qui
914 2434 933 2477 e
954 2408 976 2476 d
978 2437 995 2497 J
1020 2411 1161 2494 coaluit,
1198 2435 1324 2480 sucees-

222 2515 329 2600 οἰκος
363 2512 405 2580 de
435 2537 456 2577 o
482 2523 559 2580 ante
589 2535 752 2578 consonas
781 2512 908 2601 abjecto
932 2535 998 2579 non
1019 2514 1178 2603 estquod
1199 2538 1324 2594 monea-

222 2643 308 2685 mus.
355 2615 515 2706 Superest
536 2641 573 2682 ου
594 2638 655 2705 pro
679 2625 819 2706 utroque
839 2641 859 2679 υ
879 2615 1045 2705 positum,
1067 2636 1165 2704 quam
1187 2617 1326 2708 scriptu·

222 2745 292 2788 ram
311 2743 379 2785 non
400 2741 501 2809 posse
522 2717 564 2782 ad
587 2730 716 2807 tempus
742 2717 855 2807 paullo
874 2709 1045 2808 ‘antiquius
1067 2717 1185 2783 referri
1207 2721 1323 2787 satisa

225 2823 324 2891 nobis
346 2821 604 2886 demonstratum
625 2831 678 2886 est
698 2819 741 2884 L.
764 2820 782 2885 1
811 2821 844 2904 §-
866 2821 930 2903 413
963 2843 1101 2905 sonum,
1131 2819 1191 2909 qni
1211 2833 1327 2888 novata

222 2925 282 2990 illa
305 2922 475 2990 scribendi
497 2922 625 2986 ratione
647 2919 860 3009 exprimitur,
889 2945 908 2986 a
929 2921 1066 2988 Boeotis
1085 2933 1119 2988 et
1139 2922 1325 2990 Laconibus

109 3040 111 3044 '
223 3049 266 3094 ex
281 3024 476 3117 antiquitate
497 3033 661 3090 servatum
677 3045 751 3088 esse
771 3023 915 3090 libenter
927 3024 1150 3090 concedimus.
1168 3065 1211 3080 -
1234 3025 1326 3092 Adeo

223 3153 297 3196 cum
319 3128 430 3220 eliqua
452 3127 522 3194 veri
545 3125 655 3215 specie
677 3134 765 3191 actes
782 3128 964 3216 computari
979 3147 1080 3215 posse
1095 3125 1244 3210 videtur,
1265 3152 1324 3218 qua

221 3233 299 3299 illae
313 3230 509 3305 mutationes
532 3230 619 3318 apud
632 3228 783 3296 Lacones
803 3226 946 3317 primum
966 3227 1180 3296 invaluerint.
1215 3231 1322 3316 Quum

222 3335 312 3401 enim
333 3325 425 3398 nulla
446 3355 558 3399 earum
578 3328 621 3396 ad
634 3329 772 3397 colonos
786 3330 988 3396 Tarentinos
1007 3330 1190 3416 transierit,
1212 3355 1321 3400 omnes

138 3481 142 3488 -
220 3447 296 3528 post
311 3459 341 3500 a.
353 3434 417 3502 710
437 3434 473 3499 ἰιι
494 3455 592 3500 usum
610 3432 743 3502 venisse
765 3431 939 3517 videntur,
961 3444 995 3500 et
1010 3434 1171 3500 maturius
1192 3435 1323 3525 quiden

220 3537 360 3629 reliquis
384 3561 404 3601 u
425 3559 485 3625 pro
507 3546 551 3614 θ,
585 3558 652 3624 quo
669 3535 740 3621 jam
763 3536 904 3602 Alcman
927 3559 1009 3602 usus
1031 3547 1102 3620 eat,
1135 3537 1197 3625 qui
1215 3538 1322 3604 llornit

221 3642 308 3709 eirca
319 3639 376 3706 01.
388 3637 537 3704 XXVII.
571 3638 664 3703 Inter
679 3638 874 3704 Alemanem
897 3648 930 3702 et
942 3637 1202 3725 Aristophanem
1221 3640 1323 3729 sigma

221 3743 257 3809 in
278 3763 430 3833 asperum
451 3737 569 3806 mutari
590 3749 742 3828 coeptum
764 3761 856 3818 essa,
886 3740 1172 3829 grammaticorum
1193 3764 1322 3832 qunque

219 3844 416 3910 testimoniis
438 3842 516 3910 freti
537 3841 761 3908 demonstrare
789 3840 898 3906 conati
928 3865 1041 3908 snmus
1072 3846 1104 3926 ἓ.
1125 3843 1167 3920 9,
1190 3845 1224 3912 2.
1270 3843 1324 3910 Ad

219 3946 358 4015 eandem
386 3955 523 4046 aetatem
552 3942 704 4010 retuleris
733 3945 750 4006 d
779 3954 812 4008 et
841 3943 878 4005 dd
898 3965 959 4030 pro
981 3947 1019 4027 ξ,
1052 3965 1194 4034 quorum
1222 3945 1324 4035 prin

219 4048 369 4138 exempla
398 4047 484 4135 apud
504 4045 763 4135 Aristophanem
794 4057 872 4114 suut
900 4055 933 4110 et
960 4044 1151 4135 llpilycum.
1207 4045 1322 4112 Pulla

218 4149 397 4218 recentiori
419 4148 515 4214 aetati
537 4148 715 4214 tribuimus
739 4173 759 4214 σ
779 4148 815 4214 in
838 4173 857 4232 ρ
879 4156 1059 4230 mutatum,
1091 4147 1190 4234 cujus
1221 4170 1321 4238 qnnn

220 4254 307 4345 apud
337 4251 593 4342 Aristopbauem
623 4250 761 4318 unicum
801 4248 987 4342 exemplum
1023 4247 1141 4334 untsdp
1180 4249 1319 4340 legun,
