2746 4818
215 369 294 448 350
588 372 646 447 Do
672 370 939 472 oonjugatione.

305 577 798 666 Ασπ.1ι’μο1σατο(ἰὶααοιλσι),
816 577 916 665 εὗρεν,
940 579 1134 668 frixorium,
1155 579 1286 661 ἐζήτησα,

217 684 365 775 Hesyeb.

303 786 517 874 (lbjeetivum
534 787 600 867 μῶ,
624 783 715 875 qnod
734 805 866 873 saepes
884 787 1105 875 grammaticis
1117 787 1236 852 alterna
1244 778 1288 865 Ι1),

215 891 328 956 betuna
351 911 427 954 esse
447 886 598 971 videtur,
620 887 709 953 unde
731 890 836 970 μοῦσα
858 888 978 955 atalia
1001 880 1225 958 deriuarentur.
1260 883 1289 950 ln

215 1001 372 1081 corrupto
385 988 578 1079 Epicharmi
599 989 744 1056 frustnlo
765 991 808 1056 fr.
823 991 867 1058 80
889 991 1027 1077 Πύρραν
1048 1017 1082 1078 με
1103 993 1151 1074 μολ
1169 973 1291 1054 ealdo-

214 1095 354 1159 ιιαλλοιαα
375 1090 471 1156 tertia
492 1115 635 1179 persona
656 1096 756 1174 μολπαι
773 1092 876 1158 latere
892 1091 1023 1161 αἰολεῖαι·
1030 1141 1042 1180 ,
1065 1120 1129 1186 qua
1144 1088 1292 1160 llelladius

216 1195 452 1288 Epicharmnm
474 1214 571 1258 usum
594 1215 668 1258 esse
688 1202 838 1260 testatur.
1347 1245 1348 1256 ,

303 1298 446 1378 οἴομαι
467 1293 587 1383 Epieb.
611 1294 653 1361 50
662 1315 677 1378 “,
696 1293 784 1378 οἶμαι
804 1295 925 1386 Epiah.
949 1295 1031 1382 100,
1057 1299 1108 1385 οἴῃ
1131 1296 1240 1387 Sopbr.
1251 1291 1292 1357 23.

213 1397 420 1466 Laeonieunr
444 1395 520 1475 οἰοῖ,
545 1397 636 1487 qnod
659 1395 783 1486 legitur
803 1399 949 1489 Lysistr.
974 1389 1294 1467 81.150.998.1255

215 1511 250 1568 et
278 1501 316 1567 in
349 1497 510 1566 Coralisoi
538 1499 693 1589 Epilyeei
721 1501 930 1592 fragmento,
962 1499 1109 1568 aSuida
1138 1514 1169 1567 et
1190 1495 1294 1565 Seboll.
1346 1475 1349 1600 4

215 1601 323 1668 Arist.
347 1601 493 1689 Lysistn.
511 1603 576 1670 998
593 1627 659 1692 ¹pro
681 1601 768 1685 οἶμαι
789 1627 862 1672 esse
886 1604 1024 1683 dieitur,
1049 1628 1067 1670 a
1089 1599 1248 1672 Lobeelaio
1266 1594 1296 1662 ad
1348 1605 1349 1620 ¹

215 1703 342 1771 Buttm.
373 1705 407 1771 ll
436 1727 470 1792 p.
494 1700 536 1770 53
568 1728 609 1770 ex
639 1704 792 1789 οἰήσομαι
815 1719 1018 1774 contractum
1041 1717 1195 1795 putatur,
1226 1698 1295 1790 quod

214 1805 380 1897 quomodo
408 1805 481 1871 fleri
507 1805 672 1895 potuerit,
707 1830 776 1873 non
805 1807 1038 1898 intelligimus.
1095 1807 1194 1875 Haud
1217 1799 1297 1870 dubie

214 1907 406 1976 Laconibus
428 1930 489 1999 pro
511 1907 743 1996 interjectione
764 1911 951 1978 affirmativa
974 1923 1061 1996 erat,
1091 1922 1130 1978 ut
1151 1910 1297 1977 Viennen·
1349 1927 1350 1968 3

214 2011 301 2076 sium
327 2011 413 2078 illud
441 2012 565 2090 baller,
599 2011 636 2078 id
666 2010 754 2101 quod
782 2012 924 2080 maxime
945 2025 1079 2103 apparet
1101 2013 1140 2080 in
1162 2002 1298 2078 Coralisei

213 2114 290 2180 loeo
310 2110 427 2178 ποπᾶα
449 2113 556 2178 κοπίδ’
580 2115 639 2180 οἰοῖ
661 2118 776 2196 σῶμαι.
829 2114 923 2198 Quae
953 2116 983 2183 si
1004 2140 1022 2182 e
1043 2116 1149 2184 verbo
1171 2116 1225 2181 οἴω
1241 2117 1297 2174 nata

213 2225 283 2300 eet,
307 2223 476 2280 accentum
498 2214 655 2282 miramur
675 2215 923 2284 circumflexum
943 2241 962 2283 a
983 2218 1158 2288 codicibus
1179 2218 1299 2310 plerum·
1350 2275 1351 2280 ,

213 2339 281 2407 que
301 2315 496 2384 exhibitum.

300 2417 391 2485 οῖδα
412 2441 431 2486 a
452 2416 602 2503 Doride,
636 2442 822 2510 quanquam
843 2443 965 2488 novum
987 2422 1127 2489 verbum
1150 2425 1236 2502 ἴσαμι
1254 2415 1300 2480 bn·

211 2533 305 2588 xerat
324 2521 394 2588 vid.
407 2545 515 2613 supr„
537 2546 604 2589 non
625 2521 772 2588 alienum
797 2534 877 2588 erat.
912 2525 1090 2613 Leguntnr
1106 2517 1298 2612 oldstpieb.

211 2625 274 2704 96,
306 2624 450 2715 Lysistr.
475 2624 579 2705 1250,
616 2625 715 2713 Conj.
740 2625 808 2714 εἰδῇ
828 2624 950 2716 Epiab.
973 2626 1036 2711 95,
1068 2629 1226 2718 Imperat.
1247 2623 1302 2684 ἴσθι

212 2727 359 2794 Acbarn.
371 2727 447 2811 749,
471 2728 570 2793 lnfin.
586 2728 765 2814 προπολέμια
781 2728 869 2816 apud
884 2730 1063 2816 Archytam
1087 2729 1157 2796 vid.
1174 2729 1206 2812 §.
1218 2717 1299 2806 ll,3·

299 2829 459 2911 ὄλλυμι,
501 2830 595 2894 Peri.
629 2827 730 2894 ὅλοιλα
759 2830 915 2910 Her-acl„
960 2831 1035 2898 Fut.
1067 2830 1206 2916 ὀλοῦμαι
1230 2825 1301 2900 mli-a

111 3001 114 3018 ,
212 2929 296 2997 Αοσ.
321 2929 456 3013 attineo.

223 3045 234 3060 “
300 3031 428 3115 ὀμνύω
450 3030 518 3100 vid.
536 3029 638 3116 §.‘35,
655 3035 693 3112 l,
717 3035 794 3100 Fut.
810 3033 974 3118 σ’μιολμεθα
987 3033 1161 3102 Laconica
1176 3030 1302 3121 Lysian

212 3131 276 3202 183
296 3133 363 3204 vid.
389 3135 421 3218 ἓ.
446 3135 572 3220 26,1,
600 3134 684 3202 Aer.
707 3137 724 3203 l
747 3137 859 3223 ὤμοσα
880 3137 1003 3231 Ampb.
1028 3137 1139 3224 1688,
1172 3129 1305 3205 Harant..

213 3236 304 3304 Cret.
327 3235 424 3306 2555.

297 3339 405 3426 doeio
428 3339 497 3404 vid.
519 3340 551 3423 ξ.
577 3339 639 3424 38,
665 3341 697 3406 1.
723 3341 763 3418 4,
793 3335 876 3406 Αοο.
900 3339 934 3404 Π
957 3337 1056 3420 εἶδον,
1086 3341 1184 3408 Peri.
1210 3339 1307 3406 ὄπωπα

210 3442 354 3532 Lysistr.
381 3439 477 3526 1157,
500 3439 688 3509 Desiderat.
714 3443 820 3526 ὤψιοα
843 3441 963 3531 Sopbr.
987 3443 1029 3508 39
1047 3441 1118 3512 vid.
1145 3447 1180 3527 §.
1202 3443 1261 3522 22,
1280 3436 1304 3500 6·

204 3575 206 3580 ·
297 3542 478 3630 όριλσσω,
512 3546 606 3610 Peri.
629 3543 889 3628 ὑποκατώρυκται
911 3542 1031 3634 Sopbr.
1059 3545 1101 3612 33
1126 3548 1206 3614 sine
1227 3541 1308 3612 reda-

210 3646 388 3736 plicatione
410 3645 522 3712 Attiea
545 3647 587 3712 el.
612 3646 737 3712 Buttm.
762 3647 795 3729 ᾗ.
813 3645 855 3713 85
876 3656 944 3710 not.
970 3647 1001 3718 1.

296 3745 537 3835 (πάραυμι),
561 3749 678 3814 Αοπ.1
703 3747 820 3825 ἔπαξα,
844 3748 936 3813 Peri.
958 3747 1036 3839 Opt.
1051 3751 1233 3832 ποπαμοληα
1251 3742 1307 3811 rid.

212 3849 243 3934 ξ.
267 3850 329 3932 41,
352 3851 397 3932 2,
420 3852 503 3916 Aor.
526 3850 560 3915 ll
581 3874 614 3939 p.
639 3849 764 3934 ἱπολγηα.

296 3948 535 4030 πάσασθαι,
570 3953 660 4044 quod
687 3953 825 4018 verbum
854 3951 975 4017 Doridi
1004 3950 1168 4018 tribuitur
1198 3951 1263 4019 vid.
1284 3943 1309 4026 §-

213 4052 601 4144 15‚1.Reperiunaur
628 4055 712 4120 Aor.
743 4055 759 4118 l
792 4053 956 4134 ἐπασάμαα
985 4065 1017 4120 et
1049 4054 1146 4120 Peri.
1183 4055 1312 4132 πέπαμαι

212 4154 387 4242 (exemplis
410 4179 509 4245 supra
532 4155 640 4222 allatis
663 4155 746 4220 adde
761 4156 899 4221 ι’πάσααο
915 4159 951 4224 in
967 4179 1044 4222 vase
1058 4155 1210 4244 Magnae
1225 4156 1313 4220 (arne

211 4255 281 4322 aiae
304 4255 345 4321 C.
370 4255 398 4322 l.
429 4280 480 4322 nr.
505 4259 560 4341 5),
581 4268 760 4346 ‘praeterea
790 4257 866 4324 Fut.
898 4258 1034 4324 πάσεται
1061 4259 1196 4326 Aeselr.
1224 4255 1314 4326 Ean-
