2754 4818
236 336 242 351 „
343 371 401 447 Ad
428 367 590 446 Librum
614 369 849 480 Secundum.-
1064 367 1141 446 555

44 575 86 664 ,in
105 573 194 640 titulo
217 572 289 640 Goo
310 573 409 642 Rose.
433 571 479 640 11.
504 597 555 639 nr.
577 571 662 658 1753
693 571 887 656 ἶΑρτσμίτοος
908 573 945 640 in
967 571 1140 644 Calaurea-

52 677 113 744 tico
132 675 215 766 Eup.
239 676 325 743 Mor.

132 780 222 866 Pug.
247 780 290 846 70
320 782 345 847 l.
370 781 402 846 7.
446 779 531 867 Leg.
556 778 587 862 §-
611 779 672 863 39,
697 779 727 848 5.

129 897 221 988 Pag.
244 899 298 964 73.
343 897 411 964 Pro
440 899 598 986 μέσωρ,
634 899 730 982 μίσος
752 898 926 989 Hesyeb„
960 900 1019 966 ubi
1042 901 1139 986 μέσορ

51 999 146 1069 scribi
169 1001 368 1088 jusserunt,
411 999 581 1091 literarum
609 1002 724 1068 ordine
754 1003 854 1072 simul
883 1003 1035 1070 restituto
1065 1005 1140 1094 lege

50 1105 277 1190 με’σσορος,
306 1102 423 1185 μέσος,
461 1127 614 1192 quocum¹
633 1107 786 1172 conferas
819 1108 964 1196 glossam
992 1105 1141 1197 proxime

49 1206 287 1273 antecedentem
310 1207 454 1290 με’σωροο
476 1208 557 1297 (leg.
582 1204 786 1293 με’σσωρου),
821 1208 928 1291 μέσον.
985 1207 1141 1274 Ceterum

48 1331 84 1376 ea
105 1331 164 1374 vox
184 1332 252 1375 non
274 1319 346 1393 est,
370 1309 460 1399 quod
481 1309 728 1390 existimarunt,
752 1335 771 1376 e
792 1312 887 1393 μέσος
908 1322 941 1377 ct
959 1309 1029 1397 α’ίρα
1051 1333 1141 1377 eom-

45 1411 168 1503 posita,
203 1412 261 1479 sed
283 1437 300 1478 e
323 1413 418 1496 μίσος
441 1423 473 1478 et
493 1412 569 1498 ὅρος
590 1435 651 1501 pro
672 1415 820 1499 με’σορος.

126 1530 284 1619 1³2ng
315 1555 372 1597 nr.
397 1531 429 1596 3.
484 1527 584 1595 Plura
616 1531 716 1617 hujus
748 1532 883 1630 generis
917 1531 1004 1623 apud
1032 1532 1140 1625 Hesy·
1235 1558 1237 1564 ’

44 1635 150 1701 obium
170 1633 295 1717 latent,
325 1643 362 1697 ut

126 1739 247 1821 μίρμα
278 1737 329 1799 ἐπί
356 1737 412 1800 τοῦ
433 1737 627 1810 concurreris·
656 1738 711 1800 καί
733 1740 879 1823 ῥυπαροῦ
908 1740 962 1802 καί
984 1742 1139 1822 πονηροῦ.

43 1839 117 1906 Vox
144 1851 199 1905 aut
228 1863 246 1906 e
275 1841 396 1924 μίαρμα
421 1839 445 1905 i.
471 1859 501 1904 e.
525 1839 646 1922 μίασμα
668 1851 820 1929 corrupta
847 1850 903 1904 aut
930 1839 1003 1906 sine
1025 1863 1142 1906 corru-

39 1943 127 2034 ptela
144 1949 214 2031 'per
236 1946 491 2009 contractionem
514 1939 678 2031 quandam
707 1966 768 2031 pro
796 1943 917 2025 μίασμα
946 1941 1054 2032 posita
1077 1954 1139 2009 est.

41 2046 222 2134 Cognatam
245 2045 389 2134 glossam
410 2047 627 2128 μίρτουλου
638 2095 649 2124 ,
680 2046 774 2127 μῖσος
801 2045 988 2135 (corrigunt
1008 2043 1138 2130 μῦσος),

38 2151 158 2232 μίασμα
180 2141 340 2214 extricare
362 2171 429 2214 non
451 2149 610 2215 valemus.

125 2253 167 2333 μί
173 2275 265 2335 osu,
289 2249 426 2337 λάχανα,
459 2252 488 2316 si
511 2274 679 2341 comparas
701 2253 742 2335 μί
748 2277 766 2314 κ
778 2278 818 2316 αι
824 2303 835 2330 ,
851 2249 982 2338 ’λάχανα
1002 2275 1020 2317 e
1042 2253 1141 2337 μίρκα

34 2355 92 2422 vel
120 2356 230 2437 μίρκαο
253 2363 443 2444 corruptum
463 2353 614 2438 videtur,
660 2353 885 2424 utLacouica
906 2377 972 2423 vox
994 2377 1070 2420 cunr
1092 2357 1140 2437 μί-

35 2483 115 2544 σχος
138 2456 209 2523 sive
227 2459 341 2539 μίσκοο
362 2465 500 2545 cognata
522 2457 659 2543 agnosci
680 2447 812 2548 possit(
831 2443 916 2524 Nam
937 2459 1050 2542 μίσχος
1072 2479 1140 2523 nou

30 2560 148 2628 minus
169 2582 267 2648 quam
289 2557 403 2634 καυλὸς
425 2569 458 2624 ct
478 2560 606 2625 caulem
628 2570 660 2625 et
682 2559 836 2625 eramben
859 2558 1108 2649 significaverit.

1027 2679 1078 2714 0519

62 2695 65 2700 ¹
122 2728 325 2813 μούρσαρ,
363 2727 464 2804 πολός.
499 2769 540 2782 -
587 2729 774 2814 [μούρτοβοο]
815 2732 999 2812 μουστῆυζ
1040 2756 1075 2812 μ.
1097 2769 1140 2784 -·

25 2832 220 2920 μούρτιβοο,
252 2833 375 2896 θυσίαι.
443 2831 492 2896 Ita
519 2835 555 2895 in
585 2830 699 2898 codice
727 2834 808 2897 baec
838 2831 957 2900 misere
986 2844 1140 2924 corrupta
1263 2901 1267 2910 ,

25 2940 207 3026 leguntur.
271 2930 489 3023 Antiquiores
511 2933 708 3024 interpretes
732 2933 960 3025 Aegyptiace,
995 2934 1138 3021 Punica,

24 3038 98 3106 alia
120 3036 367 3126 quaesiverunt.
419 3035 491 3102 Nos
520 3058 560 3103 eo
588 3035 699 3103 miuus
728 3035 917 3104 dubitamus
938 3039 1139 3106 Laconicam

22 3141 214 3209 dialectum
238 3161 440 3230 agnoscere,
478 3139 566 3231 quod
588 3139 744 3209 iliacum
767 3139 878 3229 glossa
899 3151 1011 3230 aperte
1032 3140 1138 3209 Laeo-

19 3244 107 3311 nica
129 3241 273 3330 μοίρκορ
293 3242 463 3310 literarum
486 3243 604 3310 seriem
625 3242 770 3309 turbaut.
828 3242 942 3309 Prima
962 3243 1008 3308 ita
1029 3265 1137 3310 corre·

18 3346 158 3415 xerirnr
192 3344 390 3430 μούρταρ,
422 3345 611 3427 μυσσοπόλος
632 3346 656 3410 i.
680 3368 712 3410 e.
735 3343 865 3427 μύστης.
920 3344 974 3412 De
995 3345 1137 3436 reliquis
1202 3400 1207 3417 „

15 3449 198 3518 acutiores
219 3447 362 3514 videant.
466 3434 468 3444 i
961 3436 967 3440 ’

115 3551 217 3640 Pag.
242 3551 285 3618 76
312 3551 337 3616 l.
361 3549 405 3616 24
426 3572 541 3648 seqq.
593 3547 783 3615 Meinebius
812 3547 849 3614 iu
869 3547 986 3616 Anall.
1009 3547 1133 3616 Alexx.

15 3681 53 3746 p.
83 3653 159 3739 247ι
183 3652 303 3744 probat
322 3651 536 3720 Valckenarii
558 3651 780 3739 conjecturam
807 3649 843 3716 iu
863 3649 1047 3720 Alexandri
1070 3652 1136 3721 Ae·

15 3757 84 3824 toli
109 3779 214 3822 versu
236 3756 466 3846 anapaestico,
500 3780 566 3848 quo
589 3753 785 3845 Euripidem
807 3753 976 3840 describit,

156 3861 202 3926 ‘O
235 3857 266 3921 δ’
297 3856 508 3947 Ἀναξαγόρου
539 3858 696 3966 τρόφιμος
725 3857 859 3942 ἀρχαίου
894 3855 1049 3944 στρυφνὸς
1080 3861 1135 3940 μὲν

846 3959 928 4028 ἔοικε
959 3961 1135 4044 προςεοπεῒυ

15 4067 118 4153 χαίου
148 4085 211 4152 pro
239 4061 372 4148 ἀρχαίου
401 4062 576 4130 scribentis
597 4074 629 4129 et
651 4064 692 4130 de
713 4062 820 4129 nobili
841 4062 1057 4153 Anaxagorae
1077 4086 1134 4152 ge·

15 4191 104 4235 nere
130 4166 394 4256 interpretantis.
461 4164 585 4232 Nescio
607 4189 648 4230 an
677 4165 800 4232 rectius
824 4165 987 4232 scribatur
1008 4167 1133 4250 ῥαχίου,

15 4295 110 4338 nova
135 4293 205 4338 vox
227 4292 245 4335 a
268 4267 366 4354 ράχος
389 4270 502 4348 dueta,
532 4268 557 4332 i.
572 4292 602 4334 e.
626 4272 772 4350 spinosi,
799 4291 896 4359 quam
916 4268 1133 4358 Anaxagorae
