2726 4820
236 359 313 438 300
613 359 670 435 De
696 355 961 458 conjugatione.

320 561 491 648 Abjicitus·
518 570 735 650 augmentum
764 585 831 628 uon
860 561 967 651 magis
998 585 1097 652 quam
1126 562 1162 627 iu
1184 561 1325 647 Altlaids3

236 665 319 733 adeo
339 661 618 753 Lysinoe-1252,
654 685 842 753 quanquam
863 663 898 728 iu
919 663 1027 752 lyrico
1048 665 1192 731 mimine
1212 666 1326 755 putitiu

236 766 371 836 licentia
394 765 638 832 excusationem
659 765 777 850 habet,
814 764 929 831 nescio
951 753 992 831 aia
1014 765 1175 854 πρόκροοο
1195 767 1230 832 iu
1251 769 1326 852 πρῶ-

236 897 335 955 ιιροοο
357 867 476 933 mutari
494 878 654 958 oporteat,
678 865 768 958 quod
782 867 948 936 [laconice
962 892 1023 957 pro
1040 867 1224 952 προῦκροον
1238 880 1324 935 esset.

321 970 666 1060 Pseudo-composita
699 981 912 1060 augmentum
946 971 1076 1062 vulgas-i
1108 971 1236 1037 salione
1265 981 1327 1060 post

236 1073 513 1163 praepositionem
546 1072 714 1161 accipiunt
748 1075 850 1138 haec=
895 1071 1053 1138 ἐπεστάτει
1083 1071 1207 1164 Astyp.
1242 1073 1324 1140 2483.

236 1167 342 1260 2484,
377 1173 571 1258 ἇμφεσβάτει
599 1175 709 1240 Rhod.
732 1175 839 1258 2905,
872 1175 941 1242 uisi
968 1175 1022 1241 hic
1043 1176 1155 1265 potius
1178 1203 1199 1239 ιι
1221 1175 1326 1265 produ·

236 1287 324 1344 ctum
353 1289 424 1360 est,
447 1274 495 1342 'ut
524 1287 736 1367 augmentum
766 1276 889 1366 duplex
919 1277 963 1344 sit
984 1278 1148 1368 quomodo
1171 1277 1207 1342 iu
1227 1277 1328 1342 Attica

235 1375 472 1462 ἡρφεοβοὶιοοι.
528 1375 653 1444 Contu-n
684 1379 719 1443 iu
744 1379 1001 1464 ἀπελευθέροισαο
1022 1379 1127 1446 Plauc.
1151 1381 1214 1458 74,
1236 1381 1258 1444 h
1279 1379 1327 1458 0.,

237 1481 295 1546 ubi
313 1481 393 1546 item
417 1508 437 1545 α
458 1481 599 1571 produci
620 1482 767 1564 videtur,
801 1489 930 1571 praeter
950 1481 1248 1564 consuetudinem,
1280 1480 1328 1546 sad

234 1581 286 1649 rei
308 1582 561 1652 convenientius
583 1594 794 1670 angmentum
816 1584 913 1654 initio
936 1583 1094 1670 accessit3
1121 1584 1246 1674 quippe
1268 1583 1327 1647 οἷπε·

238 1691 380 1772 λεοθεριῑ
400 1687 440 1752 ab
464 1685 674 1772 ἀπελεύθερος
703 1683 903 1769 derivatum,
935 1710 1000 1752 uon
1032 1712 1074 1752 ex
1104 1686 1166 1752 οἶπό
1197 1697 1229 1754 et
1257 1689 1328 1749 ε’λεο-

235 1791 326 1874 θεροῖ
355 1787 572 1879 compositum
595 1800 665 1873 τοῖς
709 1788 924 1874 ἐμπορεοὸμον
947 1790 1094 1888 Achaeo.
1117 1789 1182 1856 72⁰
1211 1788 1265 1869 (ala
1285 1787 1328 1870 ἔμ-

235 1885 353 1976 πορος)
385 1913 461 1958 cum
491 1891 616 1958 Atticis
645 1889 800 1974 iyydnoa,
834 1893 1039 1969 ἐκκῖησίοζον
1071 1890 1209 1971 (Buttm.
1241 1891 1273 1973 §-
1295 1889 1329 1956 80

235 2005 303 2058 uot.
329 1993 364 2075 5)
393 1995 656 2085 componendum
687 2004 758 2076 esta
804 1993 1087 2080 ἐπροχειριξάμεθιι
1114 1993 1265 2063 Αιοέιὶιο.
1296 1991 1328 2056 de

235 2095 364 2180 Quodn.
388 2095 507 2162 Parab.
538 2094 641 2185 p.17
673 2100 707 2175 (a
727 2093 916 2180 πρόχειρος)
946 2096 1123 2185 genuinam
1152 2096 1261 2186 legem
1288 2118 1327 2160 se

235 2198 368 2290 quitur,
391 2199 437 2262 cl.
461 2198 502 2262 de
523 2194 663 2287 perlecti
684 2207 859 2285 augmento
881 2200 913 2282 §-
938 2197 1001 2281 35,
1023 2197 1056 2264 2.

241 2340 247 2350 ·
320 2297 356 2387 9)
401 2301 617 2365 Aeccutus
636 2299 811 2366 verborum
834 2299 960 2390 duplici
981 2299 1191 2391 potissimum
1213 2301 1328 2368 ratione

235 2399 407 2492 evulges-i
430 2404 670 2470 cousuetudine
696 2402 831 2470 recedit.
889 2401 1038 2468 Primum
1069 2403 1264 2470 certissimis
1291 2414 1327 2468 tc·

236 2503 402 2577 stimouiis
423 2517 570 2589 constat,
609 2505 723 2572 tertias
744 2503 891 2594 plurales
912 2505 1159 2595 praeteritorum
1181 2503 1329 2592 objectivi

234 2603 272 2675 iu
296 2609 451 2676 omuibus
481 2608 771 2697 conjugationibus
795 2608 1007 2697 penultimam
1029 2607 1182 2691 senisse,
1214 2608 1281 2674 vid.
1301 2607 1327 2690 ξ.

234 2713 278 2795 3,
301 2713 334 2778 3.
379 2710 528 2778 Eandem
557 2713 705 2801 regulam
734 2711 774 2775 ad
797 2710 976 2800 optativum
996 2710 1176 2778 transferre
1198 2719 1328 2801 oportet,

235 2813 398 2904 quicum
429 2814 607 2904 praeterito
636 2810 818 2879 arctissimo
845 2812 1111 2878 terminationem
1141 2813 1329 2902 cognatione
1361 2823 1362 2826 ’

235 2915 434 3002 conjunctus
446 2914 523 2999 est,
546 2925 582 2980 ut
600 2918 730 2998 λεγοῖετ,
754 2917 870 2991 catate
884 2914 1006 2980 Dorica
1021 2915 1214 2980 habeantur.
1238 2915 1329 2981 Prae·

236 3031 324 3084 tenea
347 3029 604 3086 cousentaneum
626 3027 694 3096 est,
723 3016 884 3082 Doricum
907 3019 1028 3100 ἐφιλεόο
1048 3027 1124 3109 post
1145 3018 1330 3084 contractio·

235 3143 312 3186 uem
334 3122 482 3188 ultimam
504 3120 762 3187 circumflectere
784 3121 941 3202 includo„
956 3122 1089 3203 ἐφιλεῦν.
1123 3119 1258 3188 Deinde
1270 3121 1330 3186 llo

235 3223 405 3289 riausibus
427 3225 565 3288 ἐσσεῖται
585 3235 618 3290 et
640 3226 785 3308 φορεῖται
805 3233 1006 3314 paroxytoua
1026 3223 1132 3290 luisse
1153 3223 1329 3296 traduntur,

236 3325 273 3391 id
302 3328 392 3416 quod
421 3351 460 3392 eo
492 3326 687 3393 credibilius
715 3335 792 3408 est,
841 3326 919 3415 quis
948 3323 1044 3390 etiam
1073 3324 1107 3387 in
1137 3324 1330 3390 nominativo

235 3429 357 3520 plurali
379 3428 610 3495 declinationis
634 3427 797 3494 secundae
818 3426 1080 3494 terminationem
1097 3452 1127 3490 οι
1148 3438 1277 3491 acutum
1300 3425 1329 3488 ia

134 3583 144 3594 .
235 3531 512 3620 antepenultima,
535 3531 782 3597 circumflexum
803 3530 838 3594 iu
858 3531 1039 3620 penultima
1062 3529 1237 3616 prohibere
1257 3552 1329 3592 cou-

236 3645 318 3717 stat,
341 3632 408 3699 vid.
429 3634 462 3716 ἓ.
485 3634 527 3715 3,
548 3635 582 3700 2.
628 3633 704 3699 lllis
728 3632 922 3721 comparatis
945 3629 1140 3718 collegimus
1164 3629 1329 3721 diphthon-

237 3758 299 3825 gos
321 3762 356 3800 αι
378 3745 411 3800 et
432 3761 463 3800 οι
484 3757 598 3801 vocem
622 3735 813 3801 claudentes
832 3733 1055 3802 Doriensibus
1076 3731 1202 3824 ubique
1223 3735 1329 3820 longa·
1360 3739 1361 3782 l

235 3859 308 3903 rum
331 3838 531 3926 syllabarum
553 3837 621 3904 vim
644 3837 831 3904 exercuisse
853 3848 886 3901 ct
908 3835 942 3900 iu
958 3835 1193 3924 conjugatione
1206 3835 1331 3926 quide·
1360 3849 1361 3854 ’

235 3939 444 4028 pronuntiata
466 3961 540 4006 esse
563 3941 705 4023 λεγόμοι,
739 3941 840 4022 λερεάι
866 3936 971 4024 (uude
1000 3962 1061 4028 per
1081 3937 1331 4005 contractionem

236 4046 309 4128 λεγῇ
337 4042 409 4107 lieri
441 4047 606 4132 oportet),
641 4045 780 4126 λερέται,
816 4041 972 4126 λερόιτοι,
1007 4041 1171 4124 aerledus,
1205 4037 1332 4116 ποιήσοι

236 4141 319 4209 Αοτ.
343 4145 359 4209 Ι
382 4143 450 4231 obj.
474 4145 536 4209 iul.
561 4154 594 4208 et
617 4143 706 4230 subj.
730 4144 904 4232 imperat,
941 4153 974 4209 et
996 4167 1080 4234 quac
1104 4153 1181 4208 sunt
1203 4139 1331 4208 similia.

237 4246 417 4333 Aduersari
454 4248 663 4339 aliquatenus
702 4247 810 4313 visum
850 4255 901 4311 est
933 4245 1156 4313 testimouium
1189 4242 1333 4332 ejusdem
