2716 4818
127 423 158 500 ρ
306 368 338 458 b.
362 369 424 446 28.
478 370 536 441 De
562 365 804 443 declinatione
832 369 858 440 Ι.
1058 369 1135 446 223

58 581 125 638 terea
145 574 270 640 nullum
293 572 402 638 dualis
422 559 623 660 vestigium,
646 588 688 637 ue
711 571 799 660 'apud
812 571 1045 638 Archimedem
1060 573 1134 662 qui-

58 674 131 759 dem,
151 675 206 764 qui
228 687 325 764 quam
348 698 446 765 saepe
468 699 508 740 eo
531 694 667 741 numero
689 677 737 740 uti
761 675 924 762 potnerit,
949 675 1049 741 facile
1065 676 1134 741 eil·

58 777 203 863 stimabis3
234 801 309 842 nam
331 799 392 867 pro
413 777 570 841 ἐπιπέδων
592 777 633 842 de
655 776 798 842 Conoid.
822 802 857 867 p.
881 777 946 844 299
966 801 984 843 c
1005 777 1135 843 Basile-

57 882 114 945 ensi
132 891 164 945 et
183 880 331 970 quinque
352 878 523 945 codicibus
545 879 702 953 ἐπιπέδοις
720 878 945 968 reponendum
958 889 1021 964 est,
1044 875 1134 970 quod

56 980 125 1047 idem
151 982 185 1047 in
215 982 385 1048 simillimo
415 982 489 1046 loco
516 1005 551 1069 p.
581 981 646 1049 292
674 979 798 1069 legitur
826 993 860 1046 et
889 983 1031 1074 saepius.
1088 982 1135 1049 Et

13 1119 15 1152 :
57 1082 136 1149 sicuti
157 1085 243 1174 apud
264 1086 353 1148 hunc
376 1084 464 1149 baud
491 1108 563 1149 raro
594 1085 703 1173 ipsum
731 1085 900 1150 numerale
930 1084 1005 1164 δύο,
1045 1085 1133 1176 quod

13 1209 15 1224 ²
56 1184 165 1252 dualem
186 1211 284 1277 quam
305 1191 446 1252 maxime
467 1189 632 1275 postulare
652 1185 801 1268 uidetur,
824 1209 898 1252 cum
917 1187 1039 1277 plurali
1056 1188 1136 1275 jun·

56 1288 144 1376 gitur,
189 1289 235 1355 ita
263 1314 329 1355 uon
358 1289 467 1355 minus
496 1289 531 1353 in
557 1289 698 1378 reliquis
727 1289 875 1354 fontibus
904 1291 958 1357 vel
987 1289 1132 1379 optimis.

14 1399 15 1404 ’
56 1390 93 1456 lta
113 1392 144 1457 in
168 1393 301 1458 Heracl.
326 1393 483 1479 leguntur
506 1390 561 1456 δύο
586 1390 755 1476 ἀπέχοντας
776 1391 813 1474 l,
836 1393 890 1460 29.
915 1394 969 1458 31.
991 1392 1055 1475 34,-
1074 1381 1135 1458 nd-

58 1495 94 1567 δες
121 1494 174 1559 δύο
202 1496 256 1578 ΙΙ,
280 1492 332 1559 55.
358 1494 418 1578 56,
452 1496 532 1558 δυοῖν
552 1491 685 1575 τριγύων
713 1492 767 1576 ΙΙ,
790 1493 853 1572 21,
887 1495 968 1557 δυοῖν
990 1497 1135 1579 lotricum

13 1615 14 1622 ’
58 1594 152 1679 11,36
175 1609 261 1680 etc,
295 1596 331 1661 iu
353 1596 461 1662 Rbod.
486 1591 618 1677 2525,b
643 1591 810 1677 στεφάνοις
832 1596 906 1680 dubl·
920 1606 962 1660 ‘et
985 1595 1135 1674 ἇνελέίδις

61 1699 124 1778 doct,
158 1699 281 1789 Epicb.
305 1699 348 1768 89
379 1699 518 1783 σκόροδα
547 1697 600 1763 δύο
630 1701 684 1764 καὶ
711 1699 895 1781 γαθυλλίδες
925 1695 979 1762 δύο
1008 1711 1041 1763 ct
1070 1700 1136 1768 alia

13 1797 14 1848 ἶ
62 1803 225 1892 οοοιρΙοοα,
267 1801 367 1868 simul
396 1800 578 1890 intelligis,
615 1799 731 1866 eodem
758 1798 924 1890 pertinere
955 1801 1135 1872 numeralia

59 1905 126 1970 vocis
156 1904 212 1970 δύο
240 1905 276 1970 in
297 1902 425 2002 Doride
458 1901 710 1971 declinationem
737 1900 875 1993 pluralis
897 1901 1135 1973 terminatioui·

13 2041 14 2048 ν
55 2001 102 2070 bus
120 2032 234 2091 usam,
270 2008 349 2069 dacia
380 2017 412 2070 et
441 2008 512 2068 δυολ
541 2006 608 2072 vid.
632 2006 664 2088 ἓ.
688 2005 742 2070 34.
797 2002 917 2090 Dnalis
948 2005 1135 2075 terminatio

57 2122 161 2174 servata
183 2108 289 2175 estin
312 2107 405 2190 ἄμφω
428 2117 460 2171 et
482 2101 628 2190 ἀμφοῖν,Ι
643 2107 701 2172 sed
723 2107 821 2192 ctiam
837 2109 900 2178 boc
921 2130 996 2188 eum
1012 2108 1136 2198 plurali

13 2209 14 2258 Ῐ
52 2207 189 2300 jungitur
216 2210 369 2299 Thucyd.
393 2209 439 2292 V,
462 2210 505 2275 79
536 2208 651 2293 ἀμφοῖν
677 2211 745 2284 ταῖς
773 2212 941 2294 πολέεσσι,Ι
958 2210 1010 2294 jci.
1035 2209 1134 2298 Cret.

14 2331 15 2359 ἰ
54 2311 121 2379 2556
143 2312 332 2398 ἀμφοτέραις
352 2314 420 2386 ταῖς
441 2311 560 2378 πόλεσι.
597 2312 694 2396 ,Satis
716 2313 849 2403 quidem
871 2320 1017 2395 constat,
1045 2312 1136 2380 ‘Atti-

55 2435 98 2479 cae
126 2439 255 2506 quoque
284 2415 424 2480 dialecto
456 2414 661 2480 simillimum
683 2415 823 2506 pluralis
845 2438 905 2503 pro
929 2415 1020 2496 duali
1040 2439 1137 2485 usum
1176 2459 1179 2468 ·

53 2514 161 2601 licere,
183 2543 284 2607 qnare
306 2515 446 2583 Doridis
467 2517 678 2606 potissimum
700 2519 736 2580 iu
757 2518 817 2581 bac
838 2541 875 2582 re
897 2518 1081 2604 constantia
1104 2527 1137 2584 et

13 2669 14 2672 ¹
53 2620 131 2685 vocis
152 2619 205 2686 δύο
229 2619 448 2684 declinatione
471 2609 618 2684 nitimur.
669 2619 842 2684 Praeterea
863 2631 976 2687 notatu
999 2619 1139 2710 dignum

13 2773 14 2778 ,
54 2732 94 2786 est
121 2723 395 2811 Aristophanem,
428 2723 487 2812 qui
518 2731 705 2790 constanter
725 2720 818 2786 duali
839 2718 881 2806 νο)
906 2722 998 2800 οιιέλη
1021 2721 1137 2810 utitur,

54 2823 200 2910 pluralem
222 2830 339 2890 καινῶν
364 2829 487 2890 σκελοῖν·
505 2825 678 2890 admisisse
701 2824 736 2888 in
759 2824 883 2890 Dorico
905 2823 1049 2890 carmine
1070 2825 1138 2914 Ly·

55 2925 131 2992 sistr.
156 2929 238 2995 1259
270 2939 302 2992 et
330 2928 411 2993 adeo
440 2927 474 2991 in
497 2926 603 2992 Attici
630 2926 774 2994 bominis
805 2950 862 2991 ore
890 2925 971 2995 ibid.
995 2926 1140 3017 1170.ιᾶ

53 3032 210 3118 Μεγαρικοὶ
234 3032 325 3107 σκέλη
350 3028 634 3096 commemorantis
655 3029 685 3096 i.
700 3053 738 3094 e:
753 3029 873 3117 longos
894 3028 1140 3117 Megarensium

53 3155 149 3200 muros
163 3130 232 3201 vid.
248 3134 394 3201 Meinek.
410 3131 451 3196 ad
467 3131 595 3198 Comm.
614 3129 674 3198 Gr.
688 3128 739 3197 lll
761 3156 796 3222 p.
805 3132 881 3200 451.
916 3131 992 3198 Non
1007 3131 1140 3221 saepius

54 3234 168 3302 dualem
196 3237 370 3303 verborum
397 3236 432 3301 in
454 3233 590 3300 Doricis
620 3233 767 3312 lontibus
789 3231 927 3323 reperiri
950 3232 1140 3299 docebimus

52 3333 126 3403 iufra
158 3343 189 3424 ᾗ.
221 3339 282 3420 36,
313 3336 345 3403 5.
401 3337 517 3428 ltaque
547 3339 609 3416 boc
641 3337 797 3402 affirmare
824 3335 923 3420 licet,
958 3334 1141 3402 Doricnses

54 3436 132 3508 duali
152 3465 287 3508 numeru
309 3465 376 3506 uon
399 3441 534 3512 omnino
556 3438 775 3522 abstinuisse,
810 3438 869 3504 scd
897 3439 1064 3506 rarissime
1094 3448 1140 3504 ta·

53 3563 136 3627 men,
157 3545 262 3612 multo
283 3556 371 3611 certe
394 3543 500 3609 rarius
523 3565 620 3633 quam
640 3541 772 3618 Atticos
795 3563 874 3606 usos
896 3565 982 3608 csse.

532 3703 565 3787 §-
588 3705 642 3772 es.

173 3907 175 3912 y
223 3915 228 3926 ῃ
390 3845 453 3895 llo
476 3843 735 3896 dccllnatlorro
756 3844 791 3898 1.
831 3877 835 3884 ·

127 3937 158 4015 1)
204 3925 243 4003 ln
271 3935 557 4007 terminationibus
587 3938 818 4006 declinationis
840 3939 964 4031 primae
985 3938 1142 4011 Doricam

55 4033 215 4106 dialectum
235 4037 358 4128 ubique
381 4040 517 4130 longum
541 4069 561 4104 α
584 4065 643 4132 pro
664 4069 684 4118 η
713 4042 871 4110 exhibere
899 4031 999 4134 supra
1028 4044 1140 4112 docui-

53 4159 114 4207 mus
133 4142 164 4226 ἓ.
189 4140 249 4226 19,
272 4143 305 4208 2.
350 4143 399 4210 ln
430 4143 568 4233 reliquis
595 4141 704 4232 qualis
727 4142 772 4209 sit
792 4145 865 4232 ejus
887 4147 974 4236 apud
994 4147 1137 4225 Doricu-

54 4261 96 4308 σοι
115 4245 214 4330 ratio,
244 4246 324 4310 baec
351 4242 571 4335 paradigmata
594 4245 765 4336 aperiunta
