2726 4820
222 389 324 514 304-
604 392 662 466 οο
688 387 953 490 conjugatione.
1029 391 1032 398 ’
1066 371 1077 393 ¹
1166 433 1168 442 ι

308 596 344 680 4)
387 593 471 662 Lavi
486 593 667 662 Phanorini
688 578 880 664 anctoritate
900 594 1031 678 (Lexie.
1056 619 1085 662 s.
1099 591 1149 683 v.)
1171 594 1313 680 ipriyoooa

63 705 67 722 ¹
151 753 153 758 ,
222 721 284 790 pro
302 696 430 764 Dorico
449 696 656 782 venditatur,
680 719 764 786 quse
785 697 899 764 orato
921 696 1061 789 pluralis
1080 701 1314 788 praeteritorun

224 799 415 866 terminatio
442 799 553 892 potins
575 797 794 884 Boeotorum,
818 799 1098 866 ¹Chalcidensium
1126 811 1160 866 et
1181 801 1314 869 Helleni·

225 902 329 968 eticae
360 901 498 991 linguae
529 901 663 992 propria
697 913 749 968 est
771 906 813 983 6).
877 901 962 970 Nam
978 929 981 938 ·
996 897 1214 970 Chalcedonii
1245 902 1315 994 apud

226 1003 495 1072 Gho'crohoscum
536 1003 621 1070 male
655 1026 715 1092 pro
748 1002 1025 1070 Chalcidensibus
1058 1005 1267 1072 nominantur
1285 1010 1314 1078 ὅ).

107 1105 109 1112 ⁴
225 1106 356 1174 Similis
377 1117 486 1173 tamen
509 1116 559 1175 cst
581 1106 747 1195 optativus
776 1107 1034 1193 παρέχουσαν
1063 1129 1124 1196 pro
1152 1110 1316 1195 παρέχοιεν,

225 1207 285 1300 qni
307 1208 431 1299 legitur
451 1208 575 1297 Delph.
602 1207 697 1276 1702.
743 1205 827 1272 Eam
851 1217 960 1274 tamen
981 1207 1158 1275 flexionem
1181 1232 1226 1278 ne
1249 1207 1317 1302 apud
1347 1229 1353 1236 ·

226 1309 378 1400 Delphos
400 1309 535 1401 quidem
556 1309 653 1377 valde
674 1318 837 1376 vetustam
860 1309 1032 1396 existim03
1064 1313 1223 1380 universa
1247 1312 1318 1379 enim

225 1413 328 1480 Doris
347 1415 497 1500 genuina
517 1411 782 1478 terminationem
805 1437 865 1478 σου
895 1413 976 1480 adeo
993 1411 1047 1479 ‘ibi
1070 1438 1229 1504 spernere
1250 1415 1318 1480 sole·

225 1515 303 1598 hat,
336 1514 395 1579 uhi
416 1515 546 1604 vulgari
566 1515 703 1604 linguae
725 1513 944 1604 probabatur,
979 1515 1015 1582 in
1038 1515 1246 1607 imperativis
1265 1515 1318 1583 vid.

227 1616 261 1701 ξ.
283 1616 345 1702 36,
368 1617 390 1684 4
412 1617 501 1683 etin
524 1619 756 1709 conjugatione
779 1614 816 1680 in
837 1641 872 1698 μι
893 1616 962 1682 vid.
984 1617 1018 1701 ᾗ.
1032 1617 1103 1705 «30,
1126 1617 1176 1685 7.'

312 1720 346 1800 5)
391 1717 603 1788 Grammatiei
633 1730 797 1788 testantur
811 1721 858 1805 ⁷),
899 1719 1118 1811 Syracusanis
1149 1722 1318 1813 impera·

260 1969 289 2035 5)
324 1966 371 2020 De
388 1964 506 2019 Boeotis
525 1964 583 2018 vid.
604 1963 666 2017 L.I
688 1964 711 2030 l.
729 1967 779 2030 46,
797 1965 831 2032 1,
850 1962 887 2016 de
905 1962 1139 2017 Chalcidensibus
1158 1963 1181 2030 5.
1193 1965 1230 2020 54
1247 1965 1320 2018 nott
1358 1981 1359 2018 ι

225 2060 255 2110 ct
273 2053 347 2108 adde
367 2051 537 2108 testimoniis
556 2051 599 2104 ibi
617 2049 747 2103 collectis
759 2044 885 2105 {Tzetn
905 2049 941 2104 ad
959 2049 1105 2121 Lycophr.
1119 2053 1171 2106 151
1192 2052 1239 2105 ubi
1256 2053 1321 2102 Χυλ-

225 2143 324 2212 κνδιιιῆς
342 2141 477 2206 (Phavor.
502 2155 524 2191 s.
545 2153 572 2190 v.
591 2139 733 2208 artoptam,
762 2136 810 2190 uhi
829 2135 959 2192 scholion
985 2137 1140 2199 exscribit,
1167 2139 1321 2206 Χαλίαῑκῆς)

225 2226 288 2298 ἧκον
309 2226 429 2296 Ἀττικῆς
456 2225 593 2279 διαλέκτου
621 2224 688 2292 (leg.
704 2221 868 2294 Ἀονοοτικῆς,
903 2239 977 2292 qnae
1003 2223 1108 2285 eadem,
1127 2226 1269 2282 correctio
1292 2222 1320 2278 ad

226 2316 326 2372 Tuetz.
346 2311 494 2383 Lycophr.
516 2327 541 2362 v.
560 2312 594 2364 11
612 2297 775 2365 adhihenda
794 2316 855 2380 est).
876 2343 908 2352 -
928 2310 1045 2366 Maxim.
1066 2312 1189 2381 Rlaood.
1208 2313 1239 2366 in
1258 2314 1320 2366 Ana.

225 2401 344 2456 Bachm.
363 2398 393 2452 11
413 2415 441 2468 p.
461 2399 514 2462 40,
535 2399 584 2464 ll,
612 2398 662 2466 qui
681 2397 749 2452 talin
766 2399 945 2467 Χαλκιὸυἲκῆο
962 2400 1098 2451 διαλέκτου
1117 2415 1180 2452 esse
1199 2399 1277 2454 dicit.
1294 2424 1322 2437 -

226 2489 303 2543 Ana.
321 2487 438 2540 Bachm.
461 2483 578 2552 11,100
594 2485 836 2557 Lycophroneum
860 2483 1003 2552 ίοχοίζοσαν
1026 2482 1061 2538 ad
1087 2483 1245 2540 Euboicam
1270 2485 1321 2539 ‹lia-
1360 2531 1361 2562 ,

226 2575 329 2630 lectam
348 2574 478 2628 retertur.
1360 2599 1361 2602 =

268 2645 297 2712 6)
334 2643 475 2698 Choeroh.
492 2641 589 2696 Bekk.
615 2644 689 2720 1294,
702 2641 805 2710 (Gaisl.
824 2645 896 2710 537,
917 2644 960 2706 16)
984 2642 1020 2697 de
1044 2642 1213 2714 ίνιληροῦσαν
1228 2643 1322 2712 Enrip.

226 2731 336 2787 Hecub.
359 2731 411 2786 574
433 2729 494 2792 lubi
518 2745 591 2784 nunc
619 2727 645 2782 oi
666 2731 694 2784 di
716 2733 861 2803 πληροῦσιν
877 2729 977 2803 πυράν)
1002 2741 1030 2784 et
1051 2727 1208 2796 ίοχοίζοοαντ
1243 2735 1322 2784 τοῦτο

226 2815 418 2886 Καλχηδονίων
435 2813 565 2878 ἷίνοίμτοτοί
582 2813 651 2870 εἰσιν.
691 2817 722 2870 ln
740 2818 812 2870 Ano.
833 2819 909 2872 Oxx.
929 2817 984 2882 lv,
1006 2817 1074 2882 182,
1095 2820 1145 2883 17,
1165 2817 1214 2872 ubi
1233 2817 1322 2871 cadent

227 2904 377 2973 leguntur,
394 2903 582 2974 Χορκηδονίοιν
599 2881 735 2972 scribtum
756 2915 807 2959 est.
844 2905 890 2958 De
906 2901 1152 2970 Chalcidensium,
1171 2904 1322 2958 chalcedo·

227 2989 355 3057 niomm,
373 2989 630 3044 Carchedoniorum
649 2989 808 3044 nominibus
831 2988 1144 3062 permutabuntur
1176 2991 1212 3045 ad
1234 2989 1324 3060 Steph.

187 3085 188 3092 ’
227 3077 301 3150 Byn.
320 3093 342 3131 s.
356 3093 383 3131 v.
401 3077 510 3136 Χαλκίς.
595 3087 602 3104 ·

264 3167 292 3232 7)
327 3165 372 3220 Et.
390 3165 430 3221 nt.
448 3165 511 3231 301,
528 3167 563 3221 33
582 3180 598 3218 e
616 3162 727 3218 Joanne
744 3163 885 3218 Charace:
905 3161 979 3218 ιίπίν
995 3160 1056 3216 cini
1071 3165 1122 3217 τοῦ
1140 3161 1196 3218 εἰπὲ
1214 3162 1325 3233 δεύτεροι

175 3269 177 3282 ·
227 3247 349 3325 ἆίριοτίο
372 3251 426 3305 ἐστι
449 3249 518 3304 κοντοὶ
542 3248 591 3321 τὴν
607 3251 778 3323 Συρακοσίων
800 3252 933 3316 γλῶσσαν·
969 3251 1013 3303 καί
1034 3247 1086 3323 γὰρ
1111 3249 1137 3302 oi
1152 3249 1324 3323 Συρακούσιον

227 3337 262 3392 τοὶ
280 3341 360 3412 τρίτα
377 3339 506 3412 πρόσωπα
523 3339 588 3407 (leg.
607 3335 643 3390 τοὶ
660 3335 838 3408 ττροςτοιιιτνκοί
864 3353 880 3390 e
898 3337 1022 3392 Phavor.
1044 3338 1104 3391 Ecl.
1124 3340 1192 3402 1⁷2,
1212 3342 1257 3402 30)
1279 3337 1323 3386 τοῦ

227 3427 350 3499 δευτίρου
367 3423 490 3500 οἷορίοτου
507 3429 715 3490 μεταποιοῦνται
739 3411 838 3498 (Pulc.
856 3428 1068 3486 μεταποιοῦντες)
1094 3422 1129 3484 τίς
1145 3427 1181 3476 δεῖ
1195 3423 1242 3477 τὸν
1256 3421 1325 3476 τόνον

228 3511 403 3576 φυλάττοντες
422 3514 524 3582 (Phnv.
543 3511 715 3579 φυλάττουσι)
732 3515 1014 3583 τοῖνοροςτονκτνκοῑν·
1043 3505 1098 3565 olor
1115 3508 1147 3566 τὸ
1165 3510 1232 3578 λάβε
1249 3509 1324 3576 λάβον

227 3598 320 3656 καλοί
337 3599 411 3654 ἄνελε
429 3599 527 3655 ἄντλον.
566 3597 641 3656 Vide
659 3615 732 3651 nunc
753 3597 892 3653 Choerob.
912 3597 1002 3652 Gaisf.
1022 3601 1081 3664 755,
1101 3599 1143 3652 11.
1166 3627 1198 3640 -
1237 3595 1325 3652 ltlinus

228 3699 359 3744 accurate
375 3688 403 3742 J.
423 3686 475 3741 Gr.
493 3687 560 3752 143,
579 3702 611 3754 a,
636 3685 687 3740 Gr.
707 3685 737 3738 C.
756 3687 825 3746 340,
853 3685 971 3740 Mecum.
988 3687 1041 3741 658
1063 3682 1132 3739 talia
1157 3685 1262 3738 Dorica
1282 3681 1324 3732 di·

228 3785 309 3830 cunt:
338 3773 375 3829 τοί
403 3770 580 3847 στροςτονκτικί
605 3771 712 3844 ῥήματα
735 3768 771 3823 τοὶ
796 3770 952 3842 ἐκφερόμενα
975 3769 1019 3825 διὰ
1043 3773 1092 3825 τοῦ
1114 3773 1129 3825 ἒ
1153 3771 1198 3825 διὸ
1221 3773 1266 3824 τοῦ
1289 3766 1325 3818 δι’

227 3861 374 3934 ίκφίρουσι,
399 3877 461 3915 cum
483 3857 623 3928 exemplis
645 3860 736 3924 θίγον,
762 3857 859 3924 λίβον,
884 3858 993 3930 δράμοι.
1035 3858 1115 3913 Adeo
1134 3858 1324 3930 imperativum

227 3948 327 4003 aoristi
352 3947 367 4002 1
391 3947 419 4002 in
444 3949 479 4000 δῦ
500 3956 647 4002 exeuntem
673 3963 690 4001 a
711 3945 899 4016 Syracusanis
922 3944 1102 4010 derivabant,
1141 3957 1171 4000 ut
1188 3942 1325 4002 Theodos·

227 4034 322 4090 Bekk.
342 4035 426 4100 1018,
445 4034 494 4101 qui
513 4038 611 4088 eadem
629 4049 702 4101 qnae
720 4033 833 4087 Charax
853 4031 890 4084 de
906 4030 1146 4099 Syracusanorum
1164 4049 1213 4086 usn
1231 4028 1324 4090 tradit,

219 4126 301 4177 nnn.
320 4121 397 4175 Oxx.
414 4119 447 4188 1,
464 4124 532 4188 105,
549 4125 585 4176 30
611 4131 639 4174 et
661 4120 717 4188 tv,
735 4115 804 4187 101,
822 4122 874 4186 33,
893 4119 958 4173 aliis
977 4129 1054 4173 recte
1072 4119 1278 4174 adversantibus
1297 4123 1327 4166 et

226 4207 312 4274 νίψον
329 4206 411 4262 κοινόν
427 4207 605 4282 dicentibus,
636 4205 673 4260 do
694 4222 749 4274 qna
774 4221 805 4260 re
828 4206 930 4261 multus
956 4215 999 4260 est
1024 4205 1235 4262 Choeroboscus
1249 4203 1326 4255 Ano.

228 4297 304 4351 Ουτοι
325 4295 368 4354 1v
387 4311 414 4366 p.
434 4296 486 4351 411
506 4293 607 4362 (Gaisl.
629 4295 680 4348 747
699 4293 801 4361 seqq.).
