2754 4818
369 379 427 454 Ad
449 377 612 454 Librum
634 375 815 449 Primum.
1064 367 1141 446 527

52 586 349 666 inconcessum,
385 579 594 666 'Amareaali'oc
615 591 649 646 et
668 579 921 660 Airopaalsli'oc,
960 603 1045 672 quae
1064 601 1142 646 vera

51 709 124 752 esse
145 697 243 774 nepe
264 685 345 752 mihi
373 685 575 775 persuadeo,
617 681 808 771 praesertim
829 705 930 771 qaum
950 681 1144 750 Ulrichsius

51 788 146 855 etiam
174 789 211 854 in
233 787 514 870 lemupeehimoc
544 786 639 874 prius
665 784 741 850 iota¹
762 807 828 850 non
850 797 939 848 recte
961 783 1144 851 inseruisse

50 891 210 956 videatur.
281 887 395 956 Minus
427 913 526 980 aegre
558 889 677 953 ferrem
708 889 909 960 Nouoatsla'oe
942 898 975 951 et
1008 886 1142 952 similia.

51 991 203 1058 Ceterum
218 992 374 1073 observa,
396 991 433 1057 iu
455 991 548 1058 nullo
561 1010 674 1056 eornm
694 989 866 1055 titulorum
883 987 1145 1055 terminationem

49 1118 112 1170 aroc
131 1095 169 1159 in
192 1119 242 1168 ιος
262 1093 393 1160 mutari.
436 1093 554 1183 Neque
576 1093 612 1157 in
633 1090 840 1157 Lebadeensi
864 1089 903 1155 G.
926 1091 955 1156 1.
986 1113 1037 1155 nr.
1063 1089 1143 1156 1571

48 1207 136 1262 reete
159 1197 265 1263 semel
290 1194 499 1282 Φιλοκρότιος
518 1195 663 1284 legitur,
686 1191 786 1283 quum
809 1192 954 1257 Leahius
976 1191 1009 1257 11
1032 1215 1083 1258 nr.
1104 1194 1147 1261 32

48 1299 172 1389 ultique
196 1298 422 1383 Φιλοκράτειος
442 1296 606 1364 exhibeat.
628 1337 670 1350 --
714 1298 892 1380 Κρονιδῆε,
916 1294 1006 1384 quod
1029 1293 1146 1362 Corin·
1221 1373 1224 1384 y

48 1423 107 1466 nae
126 1401 358 1483 restituimus,
388 1397 528 1465 Censori
548 1397 695 1463 Darmst.
718 1397 814 1463 valde
836 1396 972 1488 tlnhinm
994 1396 1148 1482 videtete

47 1502 168 1592 quihus
194 1501 388 1585 decausis,
419 1500 600 1565 nescimus.

131 1605 292 1672 Ceterum
313 1601 403 1692 qnod
424 1601 566 1666 diximus
588 1599 811 1690 patronymica
827 1598 985 1666 Boeotica
1006 1626 1073 1667 non
1095 1628 1149 1670 re·-
1233 1591 1240 1596 .

45 1717 96 1774 cte
117 1710 160 1776 ad
185 1705 349 1794 adjectiva
371 1702 502 1782 κτητικά
524 1705 560 1768 in
583 1727 647 1776 soce
669 1701 819 1768 exeuntia
842 1703 983 1786 referri,
1004 1701 1150 1770 Thessa-

46 1809 120 1878 lieis
142 1808 405 1901 patronymieis,
449 1806 558 1896 qualia
581 1816 660 1871 sunt
680 1803 881 1887 Ἀνιιγόνειος
907 1815 941 1870 et
960 1805 1151 1881 Νικούνειος

45 1912 69 1977 i.
92 1939 124 1980 e.
147 1910 351 1988 Neasiassoc,
381 1908 451 1976 vit.
474 1909 579 1992 inira,
606 1907 716 1974 refelli
738 1907 879 1972 videtur.
923 1905 1150 1973 Nihilominus

44 2018 260 2108 aliquatenus
288 2014 325 2078 in
348 2012 511 2079 sententia
534 2008 777 2101 persistendum
799 2019 869 2087 est,
900 2008 1053 2075 'maxime
1074 2031 1151 2100 pro·

44 2133 118 2209 pter
140 2120 306 2194 Καλλιῆος
327 2128 360 2181 et
381 2114 523 2198 similia,
546 2137 630 2204 quae
653 2136 720 2177 non
742 2113 957 2209 eKattlssoc,
981 2123 1017 2177 nt
1037 2113 1151 2179 voluc-

42 2234 93 2289 rat
114 2219 336 2304 Bocchhius‚
359 2218 418 2284 scd
439 2241 458 2282 c
478 2219 648 2291 Καλλιαῒος
669 2226 731 2282 ete.
756 2225 825 2282 orta
847 2211 922 2281 e'sse
943 2238 1031 2280 nunc
1053 2215 1151 2281 etiam

43 2322 256 2391 luculentius
278 2321 546 2388 Thessalicorum
575 2318 800 2407 exemplorum
829 2317 1070 2408 comparatione
1096 2341 1152 2408 ap·

41 2440 150 2519 paret.
214 2423 286 2490 Nec
308 2422 405 2488 lacile
426 2420 507 2511 poni
528 2428 636 2508 potest
657 2443 676 2483 e
696 2419 882 2495 Καλλιάειος
902 2420 1044 2511 primum
1068 2421 1153 2486 Bos·

43 2534 134 2596 otica
164 2526 350 2592 mutatione
378 2521 570 2597 Kattocli'oc,
616 2519 735 2587 deinde
762 2520 953 2600 Καλλιαῒος,
994 2526 1153 2601 Kotiaeion

41 2637 132 2700 iacta
169 2650 270 2711 essee
313 2649 390 2690 nam
422 2635 455 2690 et
486 2622 666 2703 Thessali,
709 2643 848 2711 quorum
884 2627 1056 2701 Καλλιαῒος
1088 2636 1153 2709 est,

39 2734 190 2802 omnino
214 2725 413 2816 diphthongi
441 2750 469 2788 ει
489 2723 700 2788 mutationem
725 2723 879 2811 ignorant
907 2735 939 2790 et
961 2728 1073 2792 eadem
1095 2751 1154 2794 eac

37 2841 139 2929 ipsae
163 2827 404 2917 inscriptiones
425 2825 619 2908 Boeoticae,
648 2828 686 2889 in
700 2826 823 2916 quihus
843 2829 1066 2918 patronymica
1087 2830 1156 2896 ire-

39 2942 279 3032 qnentantur,
320 2929 487 2995 abstinere
509 2928 627 2995 solent.
696 2928 827 2995 Deinde
849 2932 961 2996 cariem
983 2931 1155 2999 Boeotico·

38 3035 324 3127 rumtitulornm
346 3032 429 3099 ratio
452 3031 580 3115 obstat,
619 3035 797 3124 quominus
818 3031 1031 3120 Ἀντιμάχιος,
1070 3042 1156 3120 θρα-

41 3147 168 3218 σώνιος
191 3147 228 3204 et
250 3135 371 3202 similia
393 3158 434 3200 ex
455 3132 687 3220 Ἀντιμάχειος,
731 3134 950 3220 Θρασώνειος,
987 3161 1070 3225 quae
1092 3148 1156 3203 ter-

39 3245 190 3316 minatio
214 3239 450 3306 Thessalorum
473 3247 545 3320 est,
582 3237 666 3304 lacta
688 3247 852 3326 putemus.
909 3237 1024 3327 ltaque
1044 3240 1156 3329 paullo

38 3345 265 3420 accuratius,
310 3363 408 3431 qnam
437 3342 599 3422 lecimus,
640 3362 711 3404 rena
742 3339 788 3403 ita
816 3339 1051 3427 expediendam
1081 3363 1157 3408 csse

39 3469 243 3523 censemus.
288 3442 465 3528 Adjcctiva
485 3440 675 3530 possessiva
693 3441 747 3505 vel
768 3442 990 3529 patronymica
1012 3465 1031 3508 a
1052 3443 1157 3509 nomi·

38 3560 146 3627 nibus
182 3545 335 3640 propriis
357 3543 501 3609 derivata
530 3541 696 3632 insignem
720 3543 756 3607 in
778 3544 911 3609 modum
940 3544 1026 3611 inter
1046 3546 1157 3612 termi-

38 3661 206 3728 nationes
243 3672 325 3726 ειυς,
363 3671 432 3730 soc,
470 3669 519 3720 ιος
554 3645 707 3735 ambigua
739 3656 817 3710 sunt
842 3644 909 3710 vid.
940 3645 1087 3712 Lohecla.
1115 3649 1158 3714 ad

38 3767 145 3852 Ajac.
172 3779 209 3821 v.
239 3749 323 3831 108,
359 3749 404 3840 ita
428 3758 559 3824 umen,
600 3757 637 3812 ut
658 3747 806 3834 vulgaris
828 3746 998 3813 Graecitas
1019 3750 1157 3838 primam

37 3864 195 3934 maxime
221 3850 421 3942 probaverit.
470 3849 578 3918 Nobis
600 3848 829 3938 antiquissima
851 3849 982 3914 exiliis
1004 3851 1159 3916 termina-

36 3973 87 4038 ti„
120 3989 177 4038 ως
212 3977 289 4019 csse
310 3951 458 4036 videtur,
502 3976 642 4043 quaeum
663 3975 832 4040 compares
859 3953 1158 4040 patronymicorum

37 4062 304 4142 Senseritorum
325 4054 586 4122 terminationem
609 4060 670 4137 jas
698 4064 734 4118 ut
754 4055 939 4136 Dlaanmjas
966 4054 990 4117 i.
1014 4077 1043 4118 e.
1068 4055 1158 4122 lilius

36 4177 208 4242 Dhnmac
242 4167 276 4222 ct
305 4153 498 4223 Latinorum
528 4160 580 4222 ias
609 4167 646 4221 ut
673 4159 801 4233 Jalscs,
833 4155 864 4221 ·i.
888 4178 918 4222 c.
941 4155 999 4245 qui
1030 4181 1048 4221 a
1077 4155 1157 4225 Jalo

36 4263 243 4348 ducendit.
311 4257 394 4324 Eam
416 4255 519 4346 igitur
539 4257 658 4325 Boeoti
680 4268 906 4344 servaverant,
932 4280 979 4324 ea
1002 4258 1100 4326 etiam
1122 4259 1158 4325 in
