2746 4818
164 345 198 438 §.
221 344 282 422 41.
321 346 379 419 De
401 345 658 448 conjugatione
675 344 832 442 perfecti
852 357 888 418 et
905 369 981 420 eor.
1001 345 1029 417 1.
1071 344 1148 424 335

53 549 217 633 addimus,
240 571 295 617 eas
313 549 452 633 formas,
477 573 562 638 quae
583 573 685 638 quum
708 572 877 640 syncopen
896 571 1013 641 passae
1034 549 1143 616 existi·

53 663 194 733 mentor,
219 651 331 740 potios
354 651 615 740 antiquissimam
636 651 797 717 rationem
818 663 1008 737 servarunt,
1037 651 1147 718 aDo-

51 753 134 838 ride,
157 777 242 842 qnae
264 753 397 842 quidem
419 755 459 818 od
482 767 627 842 nostram
649 753 798 820 notitiam
820 756 986 844 pervenit,
1019 755 1147 844 alienas

51 879 119 920 esse
140 869 173 920 et
196 856 330 920 omuino
352 856 514 924 Doridem
542 857 578 923 in
607 858 671 923 hoe
703 857 777 922 loeo
806 858 1023 924 recentiorem
1045 881 1147 948 quen-

51 957 119 1022 dam
137 962 325 1043 χαρακτῆρα
346 981 424 1047 prae
447 982 483 1024 se
505 959 604 1025 ferre.

127 1063 163 1139 8)
205 1059 528 1150 Aoristi·primi
551 1061 797 1128 terminationes
819 1061 855 1128 in
877 1061 1040 1150 ohjeetiro
1063 1060 1147 1129 nihil

49 1162 171 1252 proprii
194 1162 350 1228 exhibent
371 1175 501 1254 praeter
522 1187 581 1245 ea,
605 1189 690 1253 quae
710 1165 746 1230 in
764 1165 797 1249 ᾗ.
810 1163 853 1230 36
873 1165 1036 1230 illustrata
1055 1173 1144 1230 suot.

50 1264 221 1354 Optatiana
244 1265 368 1353 ubique
392 1265 634 1356 diphthongum
657 1293 691 1330 αι
712 1281 838 1351 servat,
865 1279 902 1333 ut
923 1265 1147 1352 ἐπιορκήσαιμι

51 1365 135 1431 Cret.
152 1366 258 1450 2555,
280 1367 413 1444 ποιήσαι
428 1366 527 1432 Cone.
547 1369 651 1451 1846,
675 1367 855 1450 dromedae
875 1382 908 1435 et
928 1367 1147 1456 προστατῆσαι

50 1468 147 1543 1845,
192 1467 422 1553 ἐπιγράψωμεν
453 1469 543 1536 Cret.
577 1468 682 1550 2555,
720 1472 886 1550 ποιήσαιεν
893 1522 905 1550 ,
940 1463 1147 1554 ἓγὸαιείσαιειι

50 1569 183 1658 Corcyr.
208 1569 292 1636 1845
322 1583 386 1635 ete.
442 1571 581 1662 Aeolios
611 1572 717 1637 formo
746 1575 880 1638 πείσειεν
906 1571 1058 1662 Ιιγείείσι
1084 1575 1145 1640 171

47 1673 158 1738 Attico
178 1679 295 1762 poetae
311 1673 431 1739 deheri
455 1671 598 1738 videtur.

129 1775 170 1840 In
202 1775 386 1859 subjectivo
420 1774 564 1840 seeundo
591 1800 733 1865 persona
762 1774 901 1866 pluralis
928 1776 1147 1866 antiquiorem

49 1877 309 1944 terminationem
332 1877 430 1972 aoNin
453 1888 474 1942 ᾶ
495 1880 677 1966 contrahit,
711 1888 749 1943 ut
775 1878 892 1956 ἐπάξᾶ,
925 1878 1051 1964 ε’γράψᾶ
1076 1879 1144 1946 vid.

47 1984 75 2063 ἓ.
93 1981 157 2062 24,
180 1981 212 2044 4.

126 2081 327 2170 Paradigma
346 2103 512 2171 opponere
531 2082 658 2173 placet,
692 2083 769 2174 qnia
798 2085 838 2150 de
867 2083 1011 2174 singulis
1030 2085 1146 2153 formis

48 2182 141 2250 modo
172 2208 214 2249 ex
242 2185 327 2275 ipsis
357 2185 508 2254 fontibus
528 2185 663 2254 Dorieis
693 2187 789 2254 modo
811 2211 830 2254 e
851 2187 1047 2258 certissimis
1070 2213 1148 2258 ana-

47 2287 143 2377 logiis
165 2285 289 2378 optime
308 2296 448 2354 constat.
