2726 4820
201 379 231 471 l.
258 383 321 460 35.
374 385 431 458 De
457 383 701 484 systematum
728 387 960 464 formatione.
1056 387 1136 468 289

60 596 191 672 conset,
212 599 248 655 ut
269 601 345 679 post
360 590 514 682 'liquidas
535 617 550 656 ε
570 593 792 673 insereretur,
815 594 935 662 deinde
959 621 981 662 σ
999 597 1138 685 ejicere-

56 695 117 770 tur,
149 703 184 756 ut
206 716 223 757 e
245 693 379 757 τίν-σοι
400 695 531 772 τενὲσω,
568 697 683 774 ravim,
712 701 800 763 τενοῖ.
856 697 929 764 Jarn
952 699 987 764 iu
1009 696 1137 765 Doride

56 811 141 877 quum
161 792 223 858 duo
246 818 261 858 ε
282 809 534 882 concurrerent,
557 798 695 865 alterum
711 799 851 885 ejectum
867 811 937 885 est,
960 801 1137 892 vestigium

54 899 146 957 husen
169 895 243 982 ejus
265 895 300 960 in
323 896 596 965 Heracleensium
619 900 758 968 dialecto
782 901 1054 991 deprehenditur,
1078 901 1138 993 qui

52 993 137 1079 primi
158 999 261 1062 luturi
282 998 410 1064 tertiam
432 1001 593 1090 pluralem
616 1003 736 1100 οἱσόντι
756 1003 897 1088 hahent,
923 1005 1060 1070 secundi
1083 1005 1140 1089 uip-
1164 1033 1167 1040 ¹

51 1099 182 1183 χιλίοισι,
205 1122 313 1190 neque
336 1101 474 1168 fortasse
495 1105 591 1170 aliter
612 1104 841 1196 explicandum
863 1116 935 1190 est,
960 1104 1049 1196 quod
1071 1107 1138 1196 Ly-

52 1193 128 1264 sistr.
153 1202 215 1269 183
240 1201 402 1285 ὀμιώμεθα
424 1216 474 1271 est
493 1228 555 1295 pro
579 1205 762 1288 ὀμούμεθα,
793 1231 860 1274 nou
884 1206 1051 1291 ὀμιόμεθα.

67 1341 69 1344 -
121 1303 244 1372 Futura
265 1305 390 1396 passivi
412 1308 446 1372 h.
464 1331 493 1372 e.
517 1307 576 1374 illa
599 1306 730 1393 lutura,
753 1331 837 1398 quae
860 1309 900 1374 ah
918 1309 1050 1375 aoristis
1064 1333 1137 1399 pas·

51 1398 102 1467 sivi
123 1404 332 1490 derivantur,
367 1408 402 1473 iu
425 1408 551 1476 Doride
582 1433 657 1476 eum
678 1411 763 1500 ipsis
784 1409 916 1476 aoristis
938 1412 1137 1478 terminatio·

49 1525 98 1568 nes
119 1506 300 1594 objectivas
323 1509 479 1578 hahuisse
500 1511 668 1576 videntur.
701 1511 849 1576 Primum
873 1513 907 1577 iu
924 1513 1026 1579 Ther.
1039 1515 1136 1582 2448.

49 1603 77 1688 l,
102 1607 142 1673 25
172 1609 329 1677 traditum
364 1623 414 1678 est
447 1616 719 1698 συναχθήσοῧντι,
764 1613 853 1703 quod
879 1613 1068 1681 Boeclshius
1103 1617 1138 1682 in

50 1715 310 1796 σιναχθησοῦιται
343 1715 504 1800 mutavit,
551 1714 670 1780 deiude
703 1715 737 1779 in
766 1715 920 1806 Astypal.
955 1717 1062 1794 2483,
1096 1717 1139 1782 25
1258 1737 1268 1748 ·

47 1809 285 1894 ε’πιμεληθη..ει
307 1817 426 1883 multo
467 1816 600 1884 lucilius
640 1818 674 1883 in
708 1817 932 1899 ε’πιμεληθησεῒ
959 1821 1138 1883 mutaveris

45 1934 129 2000 mam
151 1941 230 1983 cum
251 1916 419 1984 Boeclshio
442 1917 477 1984 in
500 1917 763 2002 ε’πιμεληθήσεται
789 1928 846 1984 aut
872 1919 983 2008 potius
1013 1921 1048 1984 in
1070 1923 1139 1983 ἐπι-

47 2023 278 2104 pulveraticos,
300 2030 369 2085 tum
380 2019 540 2087 Doricum
556 2021 743 2099 αἰατωθήσοι
758 2044 818 2111 pro
838 2019 1024 2104 ἀκούσομαι,
1048 2021 1138 2111 quod

46 2112 187 2201 Plotius,
215 2121 359 2200 Suidas,
382 2121 572 2212 Hesychius
593 2125 751 2208 afferunt,
783 2123 871 2190 haud
893 2124 991 2190 dubie
1013 2135 1064 2190 est
1085 2126 1137 2188 lu·

45 2228 138 2288 turum
158 2225 308 2316 primum
330 2225 456 2314 passivi
476 2250 496 2291 a
516 2226 616 2293 verbo
639 2227 778 2317 quodam
802 2226 924 2293 οὐατόω
947 2226 1032 2292 male
1053 2225 1139 2293 illud

44 2325 168 2392 averiis
192 2326 303 2394 doctis
325 2325 359 2390 in
384 2326 620 2408 οῖατωθήσομαι
633 2337 790 2394 mutatum
806 2329 874 2395 vid.
892 2329 923 2412 ξ.
943 2329 997 2410 31,
1021 2339 1089 2394 not.
1102 2329 1136 2395 9.
1179 2341 1181 2345 ’

43 2419 203 2498 Postremo
217 2428 307 2520 apud
316 2428 547 2496 Archimedem
557 2432 661 2496 Areu.
676 2455 711 2519 p.
725 2431 786 2496 331
803 2442 854 2495 cst
869 2428 1031 2512 φοιτήσειν,
1049 2430 1141 2519 quod

41 2520 226 2597 hoheclsius
248 2531 289 2596 ad
303 2531 429 2598 Buttm.
443 2533 587 2598 Gramm.
612 2531 647 2597 ll
667 2554 702 2620 p.
716 2532 778 2597 311
802 2555 820 2596 e
843 2530 1047 2614 φανήσεσθαι
1068 2555 1138 2596 cor-

41 2640 159 2718 ruptum
183 2657 264 2700 esse
285 2633 492 2723 suspicatur,
515 2633 602 2699 etde
618 2630 757 2699 Conoid.
782 2657 817 2722 p.
833 2633 897 2700 277
921 2635 1139 2718 δειχθηοοῦνιι

39 2729 118 2807 (cod.
148 2735 234 2802 Par.
265 2734 294 2798 B
325 2737 583 2820 δειχθηοοῦνται,
617 2734 656 2802 C.
686 2735 731 2800 D.
762 2735 850 2801 Veu.
886 2733 1135 2821 δειχθήσονται),

40 2829 116 2900 idem
137 2861 174 2928 p.
193 2836 262 2906 278
284 2835 339 2918 (Β.
365 2839 632 2923 δειχθησοῧνται),
655 2848 753 2929 atque
775 2839 880 2903 Aren.
903 2862 938 2927 p.
956 2838 1021 2904 320
1040 2838 1139 2903 Basi-

36 2930 151 3006 lecusis
181 2937 287 3007 lectio
320 2940 471 3025 ὁειχθεῖσι
500 2951 534 3005 et
563 2942 749 3026 δειχθεισαῑτ
777 2941 813 3008 iu
836 2940 914 3004 Par.
938 2941 969 3004 Α
992 2963 1053 3028 pro
1076 2942 1140 3004 δει-

35 3037 219 3118 χθήσεσθαι
242 3041 381 3108 fortasse
397 3042 575 3130 genuinam
596 3041 770 3136 lectionem
790 3044 968 3126 δειχθήσεῑν
981 3042 1136 3129 produnt.

34 3136 89 3207 His
101 3142 275 3234 exemplis
287 3144 434 3234 exceptis
449 3143 536 3236 apud
544 3143 775 3210 Archimedem
793 3167 830 3209 ea
845 3145 954 3209 lutura
971 3165 1139 3231 nunquam

34 3255 195 3312 contracta
229 3244 438 3334 reperiuntur
466 3271 574 3337 neque
603 3239 639 3311 in
669 3245 870 3312 editionibus
898 3267 1005 3333 ucquc
1028 3244 1063 3308 in
1085 3266 1138 3308 co·

30 3343 134 3413 dicum
159 3345 256 3414 veria
278 3348 439 3433 lectione,
484 3348 543 3415 sed
572 3347 699 3439 ubique
728 3348 881 3435 vulgares
913 3348 1059 3429 formae,
1104 3355 1141 3408 ut

31 3445 239 3536 δειχθήσεται
261 3449 301 3516 de
322 3451 419 3518 Plan.
442 3451 530 3540 Aeq.
551 3475 589 3540 p.
613 3450 654 3533 6,
678 3449 718 3516 de
740 3447 865 3532 Quadr.
889 3447 1007 3514 Parab.
1033 3472 1067 3535 p.
1084 3447 1138 3511 22.

27 3549 65 3616 24
86 3564 120 3619 et
144 3551 372 3642 saepissime,
398 3552 618 3637 δειχθήσονται
641 3552 680 3616 de
703 3551 787 3616 Con.
811 3574 846 3639 p.
867 3550 950 3634 276,
974 3545 1135 3633 διαιρεθή·

27 3675 109 3720 σεται
140 3657 187 3722 de
220 3653 316 3718 Plau.
340 3652 427 3740 Aeq.
461 3675 494 3740 p.
518 3653 558 3737 8,
593 3651 796 3734 λαφθήσεται
823 3664 856 3719 et
884 3649 1141 3735 coapostolorum

24 3754 61 3820 de
84 3757 228 3842 Quadr.
248 3754 367 3832 Parah.
394 3779 426 3844 p.
439 3755 502 3838 24,
524 3753 745 3835 τμαθήσονται
769 3753 808 3820 de
822 3755 918 3819 Plau.
938 3752 1026 3842 Aeq.
1050 3778 1084 3843 p.
1098 3751 1141 3817 36

22 3868 80 3926 etc.
115 3871 189 3928 etc.
251 3855 325 3922 Jam
345 3880 423 3922 vero
444 3880 546 3945 quum
572 3856 606 3921 iu
629 3855 766 3945 reliquis
790 3857 911 3920 futuris
933 3878 1006 3920 raro
1029 3855 1141 3941 vulga·

21 3985 70 4028 res
92 3964 236 4034 formae
264 3983 324 4051 pro
346 3957 483 4025 Derieis
512 3958 686 4048 legantur,
719 3959 903 4024 futurorum
934 3956 1141 4047 passivorum

17 4065 236 4149 peculiarem
258 4061 422 4150 quandam
444 4061 603 4126 rationem
627 4083 700 4126 esse
722 4069 866 4150 apparet.
921 4061 991 4125 Aut
1012 4057 1140 4125 lihrarii

17 4162 414 4237 insolentiores‘formas
437 4161 577 4228 Doricus
600 4186 673 4228 cum
693 4161 983 4229 terminationibus
1005 4159 1144 4244 objecti-

15 4266 61 4332 vis
83 4270 123 4333 in
152 4265 318 4350 vulgares
340 4274 532 4348 mutarunt,
552 4275 610 4331 ,aut
631 4265 704 4356 ipse
719 4263 937 4330 Archimedes
960 4264 1144 4327 futurorum

66 4398 119 4462 ΙΙ.
911 4393 951 4458 19
