2712 4818
227 385 254 461 6
558 381 593 474 §.
621 378 655 455 1.
708 325 994 458 Praemoneuda.

227 615 367 677 conum,
387 585 659 666 Tarentinorum,
682 584 953 653 ilmaeleonsium
973 582 1197 674 aliorumque,
1225 593 1273 650 ut.
1288 583 1342 651 vi·

228 697 345 778 detur,
377 690 598 768 ltaliotrmm,
631 687 750 754 deinde
773 686 982 754 Cretensium
1009 697 1042 751 et
1063 685 1340 774 Cyrenaeorum

226 799 307 862 bare
328 792 548 882 reliquorum,
581 790 639 882 qui
660 789 784 856 Dorica
804 788 944 854 dialecto
966 787 1018 852 usi
1039 798 1136 872 sunt,
1170 799 1342 878 quantum

228 897 362 990 quidem
383 904 586 984 compertum
605 891 782 976 habemus,
805 890 963 956 omnium.

313 998 348 1072 3)
398 996 490 1062 Inter
520 993 736 1083 antiquiorem
764 1001 798 1057 et
824 991 1040 1058 recentiorem
1069 990 1124 1057 rel
1142 990 1342 1058 runlversae

230 1097 367 1166 Doridis
395 1096 451 1163 vel
478 1095 684 1184 singulorum
714 1116 873 1183 generum
886 1094 1037 1159 ‘formam
1063 1093 1150 1158 baud
1171 1092 1244 1160 leve
1266 1094 1342 1159 dis-

228 1200 356 1268 crimen
381 1196 583 1264 intercedere
612 1219 720 1287 neque
752 1195 904 1285 antiquos
933 1194 1159 1282 grammaticos
1192 1195 1294 1260 latuit
1310 1199 1342 1275 Β)

228 1313 262 1368 et
281 1301 369 1366 inira
389 1298 570 1366 accuratius
593 1297 878 1378 demonstrabitur.
917 1296 998 1362 Noli
1017 1308 1125 1363 tamen
1137 1295 1294 1362 Diodoro
1311 1299 1342 1378 ⁹)

169 1421 172 1438 ‘
229 1403 327 1470 iidem
353 1400 498 1484 babere,
533 1401 592 1490 qui
617 1399 748 1466 Dioclis
776 1397 976 1488 Syracusani
1002 1396 1094 1486 leges
1124 1398 1342 1488 septuaginta

230 1503 326 1571 aunis
356 1493 588 1593 praeterlapsis
617 1501 836 1591 Timoleontis
870 1509 972 1566 aetate
1001 1509 1135 1590 propter
1163 1499 1341 1590 antiquam

231 1604 406 1676 dialectum
427 1602 576 1669 difficiles
599 1602 640 1666 ad
652 1601 904 1690 intelligendum
923 1603 1026 1668 luisse
1047 1598 1166 1686 trudit,¹
1186 1603 1341 1692 appella-

230 1707 355 1773 tionem
376 1707 525 1789 ἐξηγητοῦ
547 1695 631 1769 male
652 1703 895 1792 interpretatus.
944 1704 1030 1770 Nam
1050 1703 1208 1770 dialectus
1232 1704 1340 1793 Syra·

232 1829 374 1890 cusanc,
402 1805 493 1895 quali
513 1805 727 1892 Epicharmus
756 1816 789 1869 et
811 1803 984 1894 Sophron,
1016 1806 1135 1872 Diocle
1167 1806 1339 1896 antiquio·

232 1933 307 1994 res,
342 1908 396 1974 nsi
424 1917 501 1974 sunt
511 1955 523 1986 ‚
559 1929 602 1972 ne
630 1904 743 1980 Attico
771 1905 904 1994 quidem
932 1907 1058 1972 bomini
1085 1906 1227 1974 difficilis
1257 1933 1338 1976 esse

232 2020 360 2130 poterat
386 2033 494 2100 neque
526 2017 628 2074 aetate
658 2007 728 2073 erat
763 2017 883 2073 mutata
911 2019 1137 2100 praeterquam
1165 2009 1201 2074 in
1231 2009 1339 2078 levis·

234 2111 326 2180 simis
346 2112 457 2178 rebus.
504 2143 507 2148 ·

317 2213 399 2279 Inde
428 2213 468 2280 ab
489 2209 672 2278 Alexandri
704 2219 805 2275 aetate
825 2209 936 2278 Attica
963 2210 1078 2300 lingna
1098 2211 1266 2302 paullatim
1289 2215 1340 2280 ad

231 2315 414 2386 Dorienses
435 2325 655 2380 transmanare
678 2311 804 2402 coepit,
833 2312 877 2378 ita
899 2324 935 2378 ut
955 2314 1086 2380 saeculo
1108 2314 1203 2380 tortio
1225 2325 1259 2379 et
1280 2339 1339 2382 se-

232 2416 341 2484 eundo
363 2440 392 2484 a.
416 2416 496 2483 Cbr.
527 2415 723 2506 paucissima
749 2408 906 2504 quaedam
926 2414 1017 2480 ad'
987 2417 1059 2502 eJ'ns
1080 2416 1237 2482 rationem
1258 2441 1338 2485 mu·

233 2528 297 2585 tata
319 2518 582 2609 conspiciantur,
613 2516 730 2583 deinde
751 2518 874 2604 majore
895 2517 930 2583 in
953 2517 1040 2584 diem
1059 2517 1239 2584 temeritate
1261 2519 1339 2588 Do·

234 2621 302 2687 rica
331 2617 452 2686 Atticis
481 2619 691 2686 misceantur.
755 2619 878 2686 Dorice
909 2631 1017 2686 tamen
1045 2619 1265 2709 loquebantur
1299 2623 1340 2690 in

233 2723 306 2814 ipsa
335 2721 472 2789 Graecia
501 2746 568 2789 non
600 2721 707 2787 solum
736 2720 907 2800 Strabonis
938 2731 1038 2788 aetate
1071 2721 1151 2803 (vid.
1182 2732 1251 2787 not.
1287 2728 1338 2806 1),

234 2945 343 3017 Sabell.
362 2961 397 3014 n.
415 2957 437 3022 λ,
455 2961 516 3016 26².
535 2958 620 3034 ἄκρος
636 2958 738 3034 Δώριον
754 2972 886 3029 voeatme
913 2978 976 3017 nam
992 2962 1134 3016 Laconum
1152 2971 1181 3015 et
1198 2961 1339 3017 Tarenti-

235 3062 333 3101 norum
351 3057 393 3101 est
409 3068 440 3116 ιη
460 3041 670 3116 pronominibus
687 3046 822 3105 additum.
859 3048 935 3104 Vide
954 3048 1036 3104 etiam
1054 3050 1076 3118 5.
1095 3049 1128 3104 at
1157 3056 1215 3101 not.
1234 3051 1260 3100 l.

269 3133 299 3198 8)
333 3133 405 3202 Arg.
426 3133 547 3190 Theocr.
567 3133 609 3189 Id.
627 3133 652 3187 1.
686 3133 784 3195 ἄλλος·
808 3135 891 3189 ἰστέον
911 3131 954 3188 ὅτι
970 3133 985 3190 ὅ
1003 3133 1139 3210 Θεόκριτος
1155 3132 1254 3206 Amata
1270 3136 1339 3188 δια-

235 3220 313 3287 λέκτῳ
331 3221 453 3290 κέχρηται
467 3223 502 3296 τῇ
518 3221 573 3290 νέᾳ,
589 3221 637 3276 δύο
654 3221 705 3293 γάρ
725 3220 785 3287 εἰσι,
805 3222 910 3275 παλαιοὶ
926 3225 971 3276 ναὶ
986 3224 1048 3276 vla·
1068 3221 1112 3272 aet
1127 3217 1145 3291 ἦ
1161 3221 1207 3284 μέν
1223 3221 1340 3276 παλαιὰ

235 3304 344 3379 τραχεῖά
363 3305 401 3365 τὶς
419 3306 471 3360 ἐστι
489 3308 568 3373 (ΑΜ.
587 3307 666 3363 addit
684 3311 728 3360 καλ
747 3305 889 3380 ὑπέρογκος
906 3307 1014 3364 καλοῦν
1032 3307 1175 3378 ιῦνόητσς)·
1193 3305 1211 3376 ἦ
1230 3310 1258 3360 di
1275 3313 1340 3374 via,

236 3385 253 3468 ᾗ
273 3395 316 3446 ναὶ
335 3391 472 3466 Θεόκριτος
487 3398 604 3467 χρᾶται,
632 3395 829 3466 μαλθακωτέρα
847 3397 890 3448 καλ
908 3397 1075 3468 attrectator.
1112 3394 1241 3450 Ceterum
1259 3395 1341 3451 baec

236 3491 333 3551 parum
351 3489 481 3534 accurate
499 3481 639 3536 dicuntur.
664 3509 698 3524 -
722 3481 766 3556 'In
786 3484 859 3538 ann«.
878 3485 954 3538 Oxx.
974 3482 1002 3549 1,
1022 3486 1086 3546 1⁷1,
1105 3481 1149 3538 λθ.
1172 3481 1197 3535 oi
1213 3484 1342 3536 τιαλαιό.

234 3585 306 3638 τιροι
321 3563 373 3619 τῶν
390 3567 511 3640 Δωριέων
526 3567 658 3623 dicuntur
684 3563 721 3628 tte
743 3570 891 3638 proferre,
919 3580 1015 3622 eontra
1034 3567 1160 3622 Rhintbo
1177 3560 1221 3638 ἧς,
1246 3570 1340 3624 etiam

238 3654 293 3708 boe
312 3654 402 3707 minus
419 3664 509 3723 τεοῖο,
545 3651 617 3708 ibid.
639 3671 668 3723 p.
687 3655 747 3711 278.
774 3657 880 3726 optime
904 3661 979 3720 μῶσα
999 3654 1159 3710 Laconibus
1185 3654 1340 3724 tribuitur,

235 3743 296 3804 μῦα
312 3757 380 3794 vero
397 3743 452 3798 τοῖς
469 3742 687 3814 μεταγενεστέροις
704 3740 819 3798 Adron.
838 3727 841 3732 ¹

271 3829 301 3898 9)
337 3827 423 3882 Diod.
443 3825 527 3880 xm
553 3843 577 3881 c.
597 3829 639 3884 ³5.
667 3826 813 3898 postquam
837 3829 874 3884 de
890 3829 994 3884 Diocle
1017 3829 1110 3898 legun
1129 3832 1218 3885 latore
1236 3829 1340 3890 dixit:

237 3911 263 3968 ol
280 3911 307 3966 δ’
326 3903 374 3968 oda
390 3912 567 3986 Συρακούσιοι
584 3915 651 3967 cord
667 3913 731 3976 τοὺς
751 3919 888 3988 νευτλρους
906 3916 1015 3989 χρόνους
1038 3917 1105 3969 κατὰ
1129 3919 1174 3980 μὲν
1192 3919 1341 3980 Τιμολέον.

237 4019 274 4054 τα
297 3997 521 4072 νομοθετήσαντος
545 3999 635 4064 αὐτοῖς
651 4001 793 4070 Κεφάλου,
820 4001 886 4055 κατὰ
913 4004 941 4056 di
960 4001 1007 4056 τὸν
1025 4000 1130 4072 Ἷλρυιια
1151 4002 1197 4057 τὸν
1218 4007 1341 4070 βασιλέα

237 4086 414 4160 Πολυδώρου,
447 4085 582 4164 οοδίτιρσν
599 4088 686 4142 αὐτῶν
702 4087 846 4157 ὠνόμασαν
853 4091 1014 4160 νομοθέτην,
1033 4088 1127 4142 ἀλλ”
1108 4111 1126 4160 η
1144 4088 1268 4161 ἐξηγητὴν
1281 4097 1341 4146 τοῦ

238 4175 403 4236 martimo·
431 4173 476 4227 ore
493 4173 525 4228 τὸ
543 4174 604 4236 τοὺς
620 4174 714 4241 νόμους
730 4166 952 4249 yrypuatt'tvotc’
935 4178 1037 4250 αρχαλρ
1055 4178 1180 4248 διαλλιαρι
1197 4170 1327 4232 δοκεῖν
1297 4198 1342 4233 ea-

238 4260 282 4355 ναι
298 4260 528 4331 ιλυςκατανοὴτοος.
