2716 4818
180 315 200 358 ⁹
242 355 276 449 §.
299 355 360 432 26.
413 357 471 430 Dc
498 384 533 426 ro
555 366 592 428 et
618 381 659 424 εω
682 349 894 424 contractis.
970 389 972 394 ·
1045 349 1123 426 267

59 558 175 646 ίεοορμός
197 556 323 650 (potins
355 553 525 642 ίωονργός,
559 553 627 622 vio.
651 554 684 638 ἕ.
707 553 771 637 2-1,
792 555 849 637 7),
883 555 971 644 qnod
1001 557 1125 626 diserto

57 658 141 728 Photii
165 659 356 730 testimonio
376 683 405 726 s.
428 679 461 726 v:
486 656 619 742 λεωρμός
639 656 801 725 Doricum
829 679 902 724 esse
923 657 1045 728 dicitur
1065 686 1125 750 pro

13 825 14 832 ,
56 763 97 828 irc
114 763 216 831 Attica
238 786 339 848 voce,
364 759 519 846 φρούριον
541 759 651 826 Rhoe.
673 759 792 846 2905„
997 757 1040 810 ’ν

116 865 274 934 Addimus
297 863 476 956 quaedam,
510 863 633 952 quibus
655 860 691 928 in
714 860 879 928 severiore
899 857 1026 931 Doride
1047 889 1125 932 eon·

55 977 145 1036 tractre
171 970 294 1060 formas
321 965 559 1057 respondentes
587 987 654 1031 non
685 957 894 1048 invenimus,
937 966 1014 1054 quir
1045 970 1126 1036 hoec

53 1069 223 1161 solutionem
254 1069 365 1160 potius
396 1069 563 1135 servabat:
610 1065 881 1156 potirMegniop.
902 1067 1018 1154 4534,
1050 1076 1127 1148 νοῦς

53 1169 147 1262 Epiri.
179 1173 260 1258 117,
295 1172 388 1247 ἄνους
416 1172 562 1237 Acheru.
593 1169 676 1252 702,
711 1169 815 1244 εὔνους
842 1170 992 1258 Megas,
1027 1172 1123 1240 Chal.

52 1275 133 1360 1567,
165 1276 290 1365 Deiph.
313 1275 355 1342 67
378 1274 442 1358 R.,
476 1272 634 1360 Celpmn.
658 1271 764 1352 2671,
802 1269 967 1339 Ἀλκίνουν
985 1272 1122 1365 Corcpr.

52 1375 130 1456 1838,
152 1380 293 1454 εἴςπλουν
313 1375 530 1460 Messemhr.,
555 1377 680 1440 διπλοῦν
704 1371 813 1440 Ther}
831 1374 919 1460 Vll,
941 1377 1004 1459 28,
1037 1381 1127 1444 Σολί-

51 1503 105 1554 νους
130 1493 161 1548 et
185 1481 336 1564 Ὅπους,
374 1476 584 1558 Σελινούντνοο
606 1489 639 1543 ct
658 1473 841 1542 Ὀπούντιοι
863 1499 936 1544 cum
960 1479 1126 1546 similibus

30 1641 32 1648 ⁴
51 1583 159 1666 multis,
181 1583 250 1650 rifi.
266 1585 297 1666 ξ.
314 1581 349 1664 6,
365 1581 399 1664 4,
423 1583 579 1662 Λρυοῦσα
594 1579 702 1645 Rhod.
721 1576 806 1646 2905
827 1601 846 1643 c
868 1579 1040 1664 Apvieooa
1061 1595 1126 1650 etc·

52 1681 231 1752 tivcrsrtur
253 1688 391 1768 τυρῶντα
414 1681 530 1773 Sophr.
556 1683 616 1766 32,
649 1681 744 1767 cnjus
771 1678 807 1744 in
829 1680 937 1746 locum
960 1706 999 1748 eo
1020 1683 1126 1752 liben-

55 1783 98 1850 tius
117 1787 266 1872 ννρόεννα
295 1783 541 1875 rescripserim,
574 1729 664 1874 qriorl
685 1783 886 1850 Theocritus
908 1785 945 1866 Ι
968 1785 1011 1852 58
1038 1789 1127 1862 solu·

53 1894 97 1952 trn
115 1889 253 1956 formem
283 1887 364 1954 adeo
397 1887 576 2002 preetnlit,
608 1896 654 1978 ut
676 1883 822 1975 spnizesi
851 1907 935 1975 opus
965 1887 1019 1954 sit.
1075 1888 1127 1956 De

48 1992 114 2058 cresi
133 1973 376 2074 ridebimns§.
400 1988 454 2058 27

523 2193 556 2277 ς.
579 2191 632 2261 νο.

346 2333 408 2384 lte
432 2347 460 2381 εο
486 2334 525 2382 et
548 2347 579 2380 εν
604 2333 814 2384 contractu.

116 2453 152 2541 1)
197 2451 346 2544 Insignis
369 2453 405 2518 in
427 2456 489 2519 hoe
510 2452 585 2519 loco
606 2452 744 2518 varietas
766 2451 992 2542 conspicitur,
1028 2479 1130 2546 quum

45 2557 160 2622 vocales
184 2581 216 2621 ro
239 2554 325 2646 epod
338 2554 520 2621 Dorienses
543 2565 685 2618 autnon
708 2547 890 2620 contractae
912 2555 1131 2646 reperientur,

43 2659 143 2724 autin
169 2685 226 2736 ου,
250 2683 303 2740 ευ,
327 2684 376 2736 νο,
402 2685 458 2736 ιω,
483 2685 519 2735 ο,
544 2682 568 2719 ω
590 2664 751 2741 mntrtoc,
784 2655 902 2724 deinde
933 2683 973 2721 εω
1005 2670 1062 2726 rut
1082 2660 1133 2725 in·

43 2766 144 2848 tegrre
167 2771 222 2826 rut
244 2759 278 2824 in
301 2785 339 2822 ιω
360 2759 415 2826 vel
438 2785 462 2822 ω
484 2769 637 2826 mutatae.

118 2862 268 2928 Primum
292 2885 324 2926 co
340 2861 380 2936 ¹in
401 2861 429 2952 io
451 2860 506 2927 vei
524 2887 581 2939 ιω,
605 2873 639 2927 ct
659 2884 699 2925 εω
721 2859 756 2926 in
780 2887 817 2925 ιω
839 2862 926 2949 apud
948 2885 1004 2927 eos
1027 2863 1134 2931 solum

41 2971 220 3048 mutentir,
243 2963 301 3054 qui
324 2964 485 3029 severiore
501 2963 636 3054 Dori-dis
660 2987 781 3054 genere
797 2974 946 3049 utuntur,
968 2965 1134 3051 Lacones,

41 3061 181 3149 lteliotns
213 3077 245 3132 ct
274 3065 462 3136 Cretenses.
519 3066 685 3134 Laconico
716 3078 794 3132 sunt
822 3065 858 3130 in
880 3067 1017 3158 antiquo
1038 3067 1136 3134 titulo

39 3163 152 3234 Leeirii
175 3191 227 3234 nr.
250 3168 290 3234 71
316 3167 462 3254 ἀνίοχίων
482 3192 543 3256 pro
565 3169 735 3255 ἡνιοχέων,
758 3167 794 3232 in
815 3166 998 3260 Lysistrotp
1020 3191 1049 3234 r.
1075 3170 1137 3238 198

40 3269 162 3336 ἐπαινίω
194 3274 247 3354 (ut
267 3270 459 3336 Diodorfius
489 3272 525 3336 in
555 3268 700 3338 editione
724 3269 912 3337 Oxoniensi
940 3285 1028 3337 recte
1057 3271 1137 3336 scri·

38 3373 102 3456 psit
124 3399 185 3464 pro
207 3376 350 3453 ἑπαονιοῖ)
382 3397 441 3462 pro
464 3371 612 3452 ἐπαινέω,
653 3373 736 3440 1305
759 3373 911 3455 ὑμνίωμες
943 3369 1036 3458 (item
1058 3374 1137 3439 olim

37 3474 211 3559 ὑμνιοῑμες)
228 3498 287 3566 pro
309 3477 485 3559 ὑμνέωμεν,
517 3475 601 3542 11112
622 3477 785 3559 μογίομες,
815 3475 1132 3560 10031οχνοφορίον
1174 3485 1177 3492 ’

35 3599 103 3662 τες,
129 3580 213 3647 1118
236 3577 413 3662 ἀδικίομες,
437 3577 525 3668 quod
548 3576 742 3642 Dindortius
764 3600 825 3667 pro
848 3575 1013 3659 discripte
1035 3601 1054 3642 e
1075 3577 1139 3642 Ro·

35 3681 187 3748 vennatis
209 3675 352 3746 lectione
376 3677 556 3762 ἇὸινιοῦμες
585 3683 674 3748 recte
700 3679 854 3764 restitnit.
922 3677 998 3744 Non
1029 3678 1140 3744 minus

35 3779 70 3842 in
92 3779 309 3874 Hippocratis
332 3779 484 3874 Spartani
507 3781 667 3871 epistole,
691 3805 788 3870 quom
809 3781 845 3846 in
867 3781 1064 3871 Appendice
1086 3807 1141 3848 ex-

35 3880 241 3976 hibebimus,
264 3882 391 3950 ebonis
414 3883 511 3951 libris
533 3884 723 3950 restitutum
742 3894 791 3978 cst
812 3881 993 3970 ἀπορίομες.
1027 3884 1142 3951 Grem-

35 3984 178 4054 maticus
201 3986 333 4077 quidem
350 3990 376 4065 ¹)
398 3986 511 4052 testari
532 3985 694 4069 videtur,¹
712 3985 862 4052 Lacones
883 3987 981 4070 ὕμνίω
1004 3986 1141 4071 dixisse,

266 4155 303 4162 ...-

72 4248 104 4312 l)
144 4249 188 4302 Et.
209 4248 248 4304 G..
263 4249 333 4314 322,
351 4249 401 4314 11,
432 4244 482 4312 qui
508 4229 586 4299 locus
612 4245 716 4300 misere
741 4208 855 4300 mutilos
880 4246 909 4300 in
936 4246 1008 4302 hunc
1032 4246 1145 4302 modum
