2746 4818
162 339 197 434 §.
211 339 275 421 tl.
312 343 370 416 De
391 340 646 442 conjugatione
670 339 826 438 perfecti
847 353 884 416 et
904 365 981 416 eor.
1003 341 1031 415 l.
1077 339 1153 420 did

58 543 95 612 ito
116 543 153 610 in
174 543 397 634 praesentium
416 545 553 610 formem
574 542 766 634 redegisse,
798 553 836 610 ut
863 537 1013 622 dedolatis,
1045 544 1153 612 dioilo

57 671 111 738 pro
135 647 280 721 δέδοικα,
314 644 416 712 ὄλωλα
437 646 585 713 dicerent
614 657 647 714 et
667 645 745 712 inde
775 645 921 736 reliquos
948 648 1070 715 formes
1095 649 1153 716 de·

57 748 207 814 rivereut.
250 747 350 816 Nunc
379 750 456 836 ejus
481 746 614 837 generis
634 748 758 815 formae
779 748 868 839 opud
891 749 1069 839 scriptores
1090 750 1152 842 Sy·

57 873 230 918 reeuseoos
250 850 287 914 in
309 849 488 916 indicativo
510 849 666 938 objectiri
686 852 748 918 hre
766 850 940 939 legunture

136 951 256 1043 Sing.
282 953 314 1018 1.
360 951 489 1016 dedoleo
516 951 659 1020 Theocr.
682 951 762 1038 XV,
787 953 852 1031 50,
887 976 986 1043 quem
1014 953 1152 1040 sonjon-

56 1053 172 1122 etivum
205 1077 279 1120 esse
312 1078 374 1144 pro
404 1051 585 1121 indicativo
616 1054 723 1122 honos
756 1053 940 1144 Gregorius
972 1055 1154 1127 somniatur

137 1258 256 1348 Sing.
280 1261 313 1328 2.
357 1257 521 1338 πεπόνθης·
541 1258 686 1326 Theoor.
708 1258 796 1344 vll,
817 1251 907 1326 83⁴0
927 1259 1034 1326 trihus
1053 1259 1153 1328 lihris

53 1371 83 1426 et
102 1360 191 1428 idem
211 1361 266 1444 X,
289 1362 308 1428 1
338 1384 380 1428 ex
401 1373 475 1429 octo
496 1359 592 1428 libris
615 1384 677 1451 pro
698 1359 867 1437 πεπόνθεις
888 1362 1025 1433 editum·
1068 1362 1152 1430 Item

53 1463 93 1548 V,
108 1464 153 1532 28
173 1463 343 1540 πεπόνθεις
363 1465 465 1554 vulgo
485 1461 610 1551 legitur
631 1472 664 1530 et
684 1463 842 1542 πεποίθῃς
865 1462 905 1528 in.
922 1465 1035 1554 prucis
1057 1462 1153 1530 libris

52 1590 109 1654 pro
123 1568 286 1644 πεποίθη,
308 1564 398 1655 quod
418 1587 507 1630 nunc
530 1586 549 1630 e
570 1564 780 1650 conjecture,
802 1564 872 1632 nisi
886 1565 1006 1649 fruor,
1027 1567 1153 1636 :editum

52 1679 120 1754 retr
158 1666 302 1734 secunda
332 1678 441 1734 temen
474 1689 614 1755 persone
646 1663 781 1730 defendi
810 1688 908 1754 posse
938 1669 1070 1736 videtur
1104 1671 1151 1736 cl'.

51 1769 243 1859 Bernhardy
264 1769 360 1859 Synt.
385 1793 419 1858 p.
442 1766 519 1836 455.
563 1766 736 1832 Postremo
758 1766 904 1853 λελόγχης
924 1793 987 1858 pro
1007 1771 1153 1857 λε’λογχας

51 1897 67 1938 e
97 1871 273 1940 codicibus
304 1873 341 1940 S.
372 1874 407 1938 h.
436 1867 567 1938 restitui
590 1866 695 1955 jussit
722 1868 889 1959 Berghius
917 1871 1008 1940 Mus.
1039 1871 1151 1940 Rheu.

128 2001 250 2168 ¹ding.
276 2076 308 2144 3.
346 2072 474 2159 γεγάθει
488 2073 608 2166 Epich.
624 2074 668 2142 70
689 2072 782 2156 (libri
801 2076 932 2160 yryrttci
950 2085 984 2142 et
1002 2075 1151 2160 yryoitn),

50 2179 263 2266 ἁλιφθερώκει
296 2177 417 2268 Sophr.
447 2175 509 2261 63,
538 2176 679 2260 τετμὴκει
707 2177 903 2244 Archimed.
937 2177 978 2244 de
1009 2177 1151 2247 Conoid.

48 2307 81 2372 p.
101 2281 170 2350 289
192 2290 223 2345 et
243 2280 328 2364 297,
350 2278 461 2357 ὀπώπη
483 2279 624 2348 Theocr.
645 2280 708 2366 lv,
730 2281 772 2365 7,
799 2279 888 2370 quod
910 2305 930 2346 e
950 2291 1092 2372 quotuor
1111 2283 1152 2350 li-

47 2383 118 2450 hris
139 2394 174 2450 et
189 2381 354 2472 Gregorio
377 2404 413 2471 p.
426 2381 492 2450 256
512 2381 596 2448 mule
611 2383 970 2472 plusquamperfectum
986 2409 1060 2452 esse
1081 2387 1152 2477 opi·

46 2498 125 2553 nrto
155 2485 315 2574 scriptum
344 2494 397 2552 est
431 2507 491 2574 pro
519 2481 661 2568 dnoinrs3
694 2483 765 2567 IV,
789 2484 833 2550 40
861 2485 898 2559 ὅς
924 2509 962 2568 με
983 2473 1152 2574 λελὸγχηα

46 2589 197 2679 quinque
217 2587 333 2671 libris,
357 2586 417 2676 qni
437 2609 475 2667 με
496 2583 621 2671 λελόγχη
643 2596 699 2653 eut
719 2582 756 2668 μ’
779 2583 921 2671 ἒλελόγχη
943 2613 1004 2678 pro
1018 2589 1152 2678 vulgato

44 2689 80 2771 μ’
105 2688 258 2775 distinet
286 2686 662 2779 (plusqurmperl'cetum
692 2687 775 2753 ferri
801 2689 952 2776 nequit);
985 2690 1030 2775 V,
1056 2691 1098 2758 33
1119 2701 1152 2758 et

43 2792 83 2860 93
107 2789 235 2876 πεφύκῃ
258 2789 388 2861 ehinis
409 2789 507 2858 lihris
527 2813 587 2881 pro
608 2787 762 2874 πεφύκει,
796 2787 876 2858 itcm
896 2789 968 2877 xl,
989 2794 1008 2860 1
1031 2816 1051 2860 e
1072 2818 1151 2886 quo·

43 2905 123 2960 tuor·
143 2891 254 2960 lihris.

131 2993 206 3062 Jorn
234 2993 377 3084 primurn
405 2995 590 3086 intelliges,
623 2995 719 3064 nullo
742 2996 821 3084 jore
853 2995 903 3076 (id
933 2996 1022 3087 quod
1052 2995 1150 3064 etiem

38 3097 306 3166 Muehlmeunus
327 3095 410 3165 vidit
432 3100 473 3168 de
493 3100 573 3167 dial.
596 3100 716 3167 Bucol.
739 3101 865 3190 p.142)
887 3100 1065 3168 Theocrito
1086 3112 1150 3167 ter·

37 3199 246 3268 minutiones
275 3225 316 3280 ης
338 3211 411 3278 eto
440 3201 575 3268 donstes
604 3225 690 3269 esso.
745 3202 953 3268 Domnrntur
981 3211 1015 3268 ot
1044 3224 1150 3292 grem·

34 3304 240 3369 moticorum
271 3302 491 3388 testimoniis,
534 3305 593 3396 qui
630 3303 814 3395 praesentis
852 3303 1099 3372 terminationes
1130 3329 1150 3370 o

33 3403 175 3472 Siculis
201 3416 383 3495 assumptas
411 3405 528 3474 dicunt
558 3404 583 3472 i.
606 3430 637 3473 e.
669 3432 714 3482 εις
742 3418 775 3472 et
803 3405 1148 3491 o'vid.§.20,10,

33 3523 68 3574 et
97 3504 268 3575 librorum
300 3509 507 3587 auctoritato,
540 3509 774 3600 plerorumque
807 3509 895 3600 epod
922 3509 1148 3596 Theocritum,

31 3608 195 3676 omnium
226 3607 316 3698 opud
346 3607 602 3699 Epicharmum‚
638 3611 869 3702 Sophrouem,
902 3611 1147 3678 Archimedem.

29 3711 178 3780 Deinde
191 3711 426 3796 animadverte,
449 3713 556 3780 solum
573 3713 776 3806 singularem
790 3737 827 3782 ee
840 3715 1019 3782 mutatione
1034 3713 1147 3804 ἱππεὶς

24 3985 86 4060 ἦκα
117 4008 137 4045 c
155 3989 337 4060 Syracusano
362 3985 414 4039 illo
437 4003 515 4040 more
538 3985 678 4056 repetitur·
700 3995 743 4054 et,
773 3987 822 4042 ubi
846 3982 936 4042 Siculi
961 3989 1148 4060 nominentur,

25 4081 113 4132 Ann.
138 4077 215 4130 Oxx.
235 4074 270 4141 1,
288 4074 356 4139 282,
374 4075 418 4134 25,
436 4073 483 4129 Et.
503 4073 544 4127 M·
562 4075 629 4138 ΒΗ,
648 4075 702 4138 56,
728 4073 776 4130 Et.
796 4073 831 4127 G.
850 4077 917 4136 275,
935 4075 965 4142 d,
996 4077 1149 4135 Herodian.
1198 4072 1209 4096 ⁸

17 4165 53 4220 in
78 4165 125 4220 Η.
148 4161 242 4216 Adon.
268 4159 368 4216 Ηθθ.
394 4191 429 4204 -
463 4159 572 4216 Scholl.
591 4160 715 4214 Theocr.
737 4157 772 4226 V,
791 4163 825 4216 28
849 4161 884 4214 ad
908 4163 1066 4225 πεποὶθειςε
1092 4165 1149 4222 ἀπὸ

18 4258 74 4306 τοῦ
96 4249 232 4304 πέποιθα
248 4247 377 4301 πεποίθω,
390 4245 494 4306 herede
510 4243 545 4308 ric
561 4245 617 4303 cirri
634 4252 683 4302 τοῦ
700 4243 804 4306 tunam
820 4247 934 4303 dedoleo.
