2746 4818
189 361 223 454 l.
244 361 305 439 41.
342 363 400 438 De
418 362 674 464 conjugatione
695 359 850 458 perlecti
872 375 907 436 et
927 385 1003 438 aor.
1023 363 1050 438 1.
1096 363 1173 442 383

75 570 319 635 emundatorum
339 572 407 660 leg.
431 571 674 652 κατακέκλᾳντατ
700 593 719 635 a
739 567 865 635 Dorico
887 568 972 649 ullo
992 593 1053 660 pro
1075 572 1172 661 κλῄω,

75 676 184 752 κλείω,
209 673 245 738 in
267 675 361 738 Anu.
383 673 485 739 Beklr.
511 674 591 756 112,
615 671 656 738 13
677 673 848 736 πέπαυνται
869 697 887 738 e
909 671 1117 753 Dinoloclro,
1141 687 1175 742 et

74 778 107 840 in
129 775 265 841 Heracl.
296 776 352 857 11,
375 777 430 843 22.
454 776 495 842 25
525 785 577 842 eat
606 775 799 851 ἐπεποίηντο.
855 772 1009 841 Consona
1038 775 1172 866 stirpem
1203 759 1207 769 ’

72 878 246 943 claudente
267 877 528 969 circumscriptio
559 877 661 964 volgo
683 883 840 966 usurpata
859 875 895 940 in
917 876 1051 942 Doricia
1073 880 1173 946 lonti-

72 979 132 1044 bus
155 1003 320 1068 nusquam
341 983 524 1067 reperitur,
548 979 606 1043 aed
629 979 801 1044 difficultas
824 978 948 1044 l'ornaae
969 979 1044 1046 aliia
1065 981 1173 1050 modia

72 1093 224 1172 superata
252 1093 314 1146 eat.
358 1082 507 1146 Primum
534 1081 571 1146 in
592 1079 726 1146 Heracl.
750 1081 786 1163 l,
808 1080 852 1146 73
882 1091 932 1146 eat
957 1081 1172 1170 yaypolmcao03

71 1207 179 1272 neque
201 1182 289 1248 enim
308 1193 396 1250 recte
417 1183 551 1249 Bastiua
573 1183 614 1248 ad
636 1183 739 1272 (ἔτερ.
756 1181 842 1264 ¹Cor.
871 1207 905 1274 p.
928 1183 993 1250 484
1013 1185 1173 1269 γέγραφα·

70 1312 121 1349 ται
150 1286 331 1374 legendum
361 1307 432 1352 estc
460 1284 560 1364 dicit,
593 1285 683 1374 qnod
714 1287 738 1368 †
763 1284 798 1349 in
828 1285 973 1352 nummis
1004 1298 1037 1353 el
1064 1289 1172 1358 tituli·

72 1411 171 1478 saepe
190 1411 252 1478 pro
276 1414 300 1471 φ
321 1388 376 1454 uit.
420 1388 469 1454 At
490 1387 525 1452 in
546 1411 620 1453 aere
641 1386 857 1452 Heracleenai
878 1412 946 1454 non
967 1391 991 1473 †
1012 1401 1083 1474 cst,
1103 1392 1174 1458 ¹ned

78 1479 133 1586 l,
168 1514 266 1579 quam
287 1489 414 1556 literam
437 1489 473 1554 in
494 1488 711 1578 inscriptione
731 1489 855 1577 optime
876 1503 1003 1557 servata
1025 1516 1099 1560 cum
1123 1482 1170 1589 {3

71 1617 94 1672 φ
123 1591 181 1658 via
209 1603 423 1681 permutatam
451 1590 640 1657 existimare
659 1590 751 1656 licet.
794 1588 842 1655 Et
861 1591 1015 1658 idoneam
1037 1617 1172 1662 excusa·

69 1695 195 1758 tionem
217 1693 309 1760 illins
331 1698 456 1762 l'ornaae
477 1695 566 1759 ἴσασι
587 1703 621 1758 et
642 1692 743 1767 allona
769 1691 952 1780 praebent,
985 1693 1022 1759 in
1049 1697 1172 1785 quibua

69 1819 175 1886 aeque
198 1808 273 1864 ante
294 1797 557 1864 terminationem
580 1819 600 1859 o
619 1793 783 1859 insertum
801 1804 868 1879 eat3
889 1795 1078 1864 terminatio
1099 1807 1173 1866 αταν

70 1898 142 1962 ladi
165 1908 198 1963 et
218 1899 396 1989 antiquiori
416 1897 548 1964 Atthidi
576 1896 748 1963 familiaris
770 1905 832 1960 eat.
875 1897 978 1986 Apud
998 1899 1172 1968 Archime-

70 2001 146 2066 dem
169 2001 210 2066 de
230 2001 342 2081 Helio.
375 2025 409 2092 p.
432 1999 508 2067 245.
533 2000 608 2069 246.
631 1999 709 2067 248.
730 1998 807 2066 249.
828 1998 894 2066 258
921 2001 1044 2091 legitur
1064 2000 1171 2086 ἄναγε·

69 2085 247 2187 γρέφανται
275 2103 382 2185 τομέες
409 2101 551 2168 tranaitn
578 2101 620 2168 ad
648 2100 916 2190 conjugationem
946 2103 981 2174 in
1010 2129 1035 2167 ω
1062 2104 1170 2192 l'acto3

69 2204 180 2270 notior
200 2205 305 2270 forma
327 2203 580 2292 ἆναγεγράφατατ
609 2227 643 2293 p.
667 2202 731 2269 245
753 2203 860 2270 estin
883 2202 996 2272 codice
1015 2205 1172 2276 Parisino

68 2305 110 2370 B.
158 2304 281 2372 Contra
306 2331 340 2397 p.
364 2308 429 2376 244
457 2305 529 2372 sinc
557 2304 646 2373 varia
673 2304 817 2373 lectione
846 2305 968 2373 editum
991 2319 1042 2375 est
1062 2308 1172 2396 doura'..

67 2433 205 2492 γραπται
224 2411 349 2492 νομέες,
385 2407 476 2499 quod
505 2409 659 2474 damnare
687 2431 754 2473 non
786 2407 963 2494 audemns3
997 2433 1074 2477 nam
1102 2437 1172 2480 non

69 2511 180 2576 solum
203 2513 369 2598 κέκρανται
391 2511 511 2600 Enrip.
533 2510 672 2600 Hippol.
699 2508 783 2575 1255
812 2533 887 2576 enm
906 2509 1108 2580 Buttmanno
1135 2515 1172 2598 §a

69 2613 132 2680 101
157 2625 226 2680 not.
250 2615 311 2699 13,
349 2613 408 2680 aad
430 2613 528 2677 etiam
550 2615 695 2678 δέδοκται
715 2610 838 2676 Bacch.
862 2611 946 2679 1348
966 2637 1027 2704 pro
1048 2616 1172 2707 plurali
1214 2631 1219 2640 ’

67 2714 241 2781 habuerim
252 2761 270 2798 ,-
286 2739 369 2806 quae
391 2716 515 2782 formae
536 2742 554 2780 ν
575 2713 681 2800 ejecto
705 2723 802 2779 natae
823 2723 911 2779 aunt.

159 2816 445 2903 Conjunotivi
464 2843 537 2884 rora
559 2817 681 2895 forma,
705 2816 764 2882 sed
785 2839 870 2908 quae
893 2817 1078 2909 analogiam
1101 2843 1172 2888 ser-

65 2930 145 3002 vet,
178 2919 302 3009 legitur
323 2921 456 2986 Heracl.
481 2921 516 3004 1,
539 2921 581 2988 89
605 2921 688 3003 ὅσρα
708 2945 752 2984 κα
773 2919 805 2983 έν
827 2917 906 3001 αὐτᾷ
925 2924 965 3003 τᾷ
985 2925 1044 3005 γᾷ,
1075 2919 1173 3005 qipa-
1254 2998 1256 3003 .

64 3025 246 3106 μέσθωτατ,
271 3025 358 3088 οἰκο
370 3021 560 3108 doliturum
581 3021 661 3088 ilem
682 3021 839 3108 πέπρᾶται
858 3021 963 3089 Ther.
976 3023 1073 3092 2448.
1088 3025 1169 3111 Vll,

65 3126 110 3193 12
128 3123 360 3209 τωῄιιατῑίτιια
374 3145 448 3192 esse
466 3125 596 3191 videtur
609 3128 657 3210 ³);
680 3121 744 3192 alia
759 3124 841 3191 mira
855 3126 960 3192 forma
973 3137 1024 3197 ast
1033 3125 1169 3194 Heracl.

98 3315 132 3379 3)
168 3311 317 3380 Leguntur
340 3314 410 3368 haec
435 3310 511 3380 Vll,
536 3317 570 3369 lll
594 3327 692 3392 seqq.:
728 3309 742 3364 ὁ
766 3309 886 3387 ἀρτατήρ
909 3345 942 3358 -
968 3312 1095 3376 liodoald
1115 3321 1171 3380 ταῖς

61 3399 221 3468 immina
236 3398 272 3452 τὰ
294 3401 459 3473 γεγραμμένα
481 3401 507 3453 lv
531 3405 585 3460 τοῖς
602 3398 692 3462 νόμοις
709 3397 800 3453 καὶτὸ
818 3398 1015 3466 συλλαγευτννὸα
1029 3401 1126 3456 καὶτὰ
1145 3403 1170 3465 ές

60 3488 115 3549 τὰς
135 3488 232 3546 θυσίας
250 3507 404 3558 οκακαμηαν
421 3489 567 3559 πέπραται.
611 3485 720 3540 Ultima
735 3485 902 3542 Boeckhlus
926 3488 1111 3546 audacissime
1128 3489 1171 3546 sle

60 3571 212 3630 correxit:
240 3573 275 3628 τὰ
299 3575 323 3634 ές
346 3573 395 3634 τὰς
412 3575 509 3632 dodino
526 3569 589 3628 ὅσου
606 3574 651 3646 καὶ
667 3568 720 3640 ὅτῳ
737 3574 882 3646 πέπραται.
924 3575 984 3630 Nos
1008 3593 1063 3630 una
1085 3576 1170 3634 litera
1223 3631 1231 3638 ,

60 3669 175 3716 mutatu
201 3659 341 3716 efficimus
364 3658 400 3713 τὰ
425 3660 449 3718 tc
471 3657 520 3717 τὰς
542 3660 640 3719 ovelut
663 3655 714 3714 ὅσα
731 3681 764 3712 να
786 3657 823 3732 μὴ
846 3650 881 3713 ala·
896 3661 1041 3735 πέπραται.
1078 3667 1170 3722 Antea

59 3748 144 3804 enim
161 3745 223 3812 vl,
241 3747 276 3802 20
293 3747 363 3802 haec
379 3745 628 3818 praescribuntur:
646 3745 669 3798 ai
687 3747 715 3798 δι’
732 3767 767 3798 να
782 3739 802 3819 ἦ
818 3748 964 3819 turmula
980 3749 1094 3824 luparia,
1111 3773 1170 3808 πα.

57 3838 143 3890 laico
162 3829 178 3888 ὅ
195 3833 344 3900 dolonem,
362 3830 434 3894 ὅστις
450 3832 594 3895 &nariodo
611 3835 726 3898 θυσίας,
751 3831 835 3893 αὐτὰς
852 3834 921 3888 κατὰ
938 3834 973 3888 noi
990 3841 1169 3912 γεγραμμένα·
1243 3835 1246 3846 ’

58 3921 131 3978 iinon
148 3921 178 3974 dl
195 3940 230 3972 να
247 3917 399 3983 ἀποδῶται,
419 3917 434 3975 ὁ
451 3918 572 3994 ἀρτυτέγρ
590 3918 745 3980 tentantur».
773 3919 872 3989 ltaque
890 3919 1033 3998 ὅτἰρτντήρ
1047 3927 1169 3997 pretium

57 4005 272 4064 sacrificiorum
290 4007 469 4062 venditorum
486 4007 508 4063 i.
519 4024 544 4062 e.
562 4007 716 4062 locatorum
734 4023 789 4060 non
806 4013 861 4068 τοῖς
874 4008 1015 4080 innuptam
1033 4023 1168 4075 numerat,

57 4097 114 4152 sed
144 4093 182 4148 iis
209 4093 259 4162 qui
286 4095 497 4160 conduxerunt,
534 4111 591 4160 quo
617 4093 765 4148 intellecto
790 4106 909 4164 apparet
931 4095 1076 4154 inaltero
1103 4100 1168 4154 loco

56 4181 278 4239 Bocclrhianum
296 4181 444 4237 lectionem
463 4198 498 4234 ne
517 4197 600 4236 sensu
617 4180 732 4249 quidem
744 4183 944 4246 commendari,
960 4195 1168 4240 nostramcon-
1197 4243 1204 4252 ,

57 4269 258 4328 modissimam
274 4283 343 4326 este.
377 4269 425 4324 Dc
443 4267 599 4339 particulae
616 4257 651 4321 da
668 4268 855 4324 collocatione
874 4269 931 4327 vid.
950 4271 973 4338 l.
992 4273 1044 4341 45,
1062 4275 1088 4330 5.
