2716 4818
251 383 285 474 §.
310 385 371 457 20.
426 387 483 458 De
510 416 530 471 η
556 409 623 482 pro
647 417 676 458 ιι
697 398 733 458 et
758 416 784 459 ω
807 409 873 482 pro
899 415 950 458 ου.
1080 383 1154 464 157

70 585 152 650 ricarn
176 586 311 650 lormam
334 585 553 676 redegerunt?
592 586 751 654 ¹Geuuiuo
771 585 905 656 Italicae
926 587 1063 656 Doridis
1086 592 1151 657 lor·

70 712 109 752 na
129 698 177 754 est
196 689 308 772 ἐοοία,
330 689 398 754 vid.
422 690 455 772 ξ.
478 687 534 756 40.

120 791 151 870 d)
193 789 415 858 Accusativus
436 788 574 880 pluralis
598 790 830 858 declinationis
857 791 1020 859 secundae
1040 791 1075 858 in
1099 817 1151 860 se.

67 893 177 958 veriore
201 892 329 958 Doride
344 891 372 975 ⁶)
404 893 439 956 iu
463 919 506 968 ως
527 893 616 978 exit,
651 903 688 959 ut
707 893 813 976 νόμως
834 919 894 984 pro
914 894 1046 978 νόμους’,
1082 896 1150 968 nisi

66 995 140 1083 quod
160 994 259 1084 pauci
281 993 458 1062 Cretenses
480 994 650 1085 antiquum
674 1020 727 1070 ους
747 1006 919 1062 tenuerant
946 997 1015 1064 vid.
1038 998 1071 1081 ξ.
1096 999 1149 1077 14,

65 1097 199 1196 plerique
223 1120 299 1162 cum
322 1095 500 1186 Cyrenaeis
521 1097 783 1164 terminationem
815 1098 851 1164 iu
873 1124 909 1172 ος
930 1099 1151 1190 corripiebant

29 1283 31 1292 Ι
65 1201 120 1265 vid.
140 1201 174 1283 §-
197 1201 261 1277 21,
285 1201 317 1265 1.
361 1199 459 1264 lllius
480 1198 719 1265 terminationis
743 1227 785 1276 ως
808 1200 980 1268 innumera
1002 1205 1152 1295 exempla
1230 1263 1233 1276 .

64 1315 128 1368 sunt
146 1302 237 1392 apud
257 1301 451 1366 Alcmanem
482 1315 514 1368 ct
540 1302 575 1365 in
597 1302 799 1393 Lysistrata,
834 1303 869 1368 in
896 1304 1017 1370 tahulis
1046 1305 1150 1373 Hera·

64 1403 238 1472 deensibus
259 1407 309 1486 (ut
330 1399 392 1476 coir
411 1401 516 1488 χόριος
537 1402 600 1478 τοὶς
620 1404 720 1488 ἷαρώς
735 1401 817 1490 etc.)
840 1415 873 1471 et
892 1405 990 1473 titulo
1004 1405 1148 1492 Bruttio,

64 1531 114 1572 nec
139 1505 252 1572 miuus
279 1505 316 1572 iu
344 1528 412 1570 uno
434 1503 566 1572 Cretico
595 1530 647 1570 nr.
669 1506 767 1574 2554.
810 1507 910 1588 Adeo,
935 1508 972 1574 in
999 1509 1149 1577 lontibus

63 1610 158 1676 ninus
181 1606 302 1690 certis,
336 1605 371 1672 iu
394 1605 542 1695 epistolis
566 1608 720 1676 Chilonis
741 1609 906 1693 Laconis,
939 1609 1150 1699 Epimenidis

65 1711 242 1795 Cretensis,
265 1709 432 1798 Archytae
454 1720 487 1777 ct
500 1709 636 1800 Lysidis
655 1709 932 1794 Tarentinorum,
955 1735 1017 1780 uec
1037 1714 1150 1782 miuus

64 1813 90 1878 in
109 1813 247 1902 reliquis
264 1811 642 1902 Pseudo-Pythagoricis
663 1837 699 1879 ea
722 1812 896 1880 severioris
914 1813 1052 1880 Doridis
1074 1840 1149 1906 pro·

63 1916 170 2006 prietas
194 1913 319 1984 servari
340 1916 435 1980 solet.
479 1914 520 1979 lu
548 1913 644 1980 titulo
666 1914 798 2003 Tegeac
815 1925 945 2005 reperto
968 1915 1009 1984 C.
1032 1916 1062 1981 l.
1092 1941 1145 1984 ur.

64 2016 156 2100 1511,
190 2017 286 2104 cujus
308 2017 482 2084 dialectum
502 2015 700 2084 Laconicam
723 2041 797 2084 cssc
819 2017 981 2101 diximus,
1012 2029 1149 2109 propter

62 2118 216 2212 antiquam
240 2118 454 2208 scripturam,
477 2143 541 2208 qua
567 2126 676 2210 Opro
698 2146 735 2198 o,
760 2146 784 2184 ω
807 2131 840 2187 et
860 2146 897 2186 ου
917 2119 1072 2209 ponitur,
1093 2121 1148 2186 ui-

62 2221 103 2288 hil
128 2221 209 2290 certi
236 2232 389 2310 apparet3
423 2219 481 2288 sed
510 2222 534 2287 l.
557 2221 601 2290 22
627 2223 744 2306 χιλίους
771 2222 856 2290 male
884 2247 904 2288 ι
930 2223 1147 2291 Fourmontio

62 2325 135 2390 tradi
154 2347 348 2417 persuasum
369 2323 548 2406 hahemus,
579 2347 680 2414 quum
698 2335 864 2415 praeterea
885 2323 1013 2392 nullum
1034 2349 1148 2392 reccu-

61 2424 143 2494 tioris
165 2426 345 2516 scripturae
367 2426 543 2515 vestigium
564 2425 647 2493 insit
668 2436 701 2492 et
721 2450 822 2516 quum
842 2428 918 2517 plns
940 2428 1043 2495 semel
1059 2438 1148 2496 recte

62 2531 149 2611 pellor
176 2531 305 2618 legatur
338 2527 382 2592 cl.
415 2527 492 2594 inlr.
525 2553 576 2593 nr.
600 2529 632 2595 7.
676 2528 716 2593 1ο
737 2529 1071 2598 Lacedaemoniorum
1093 2531 1149 2598 dc·

62 2642 139 2697 creto
168 2630 324 2719 Thucyd.
347 2629 393 2712 V,
416 2629 458 2696 77
487 2630 575 2697 lihri
595 2629 690 2696 modo
724 2656 766 2705 ως
793 2631 891 2696 modo
921 2655 974 2706 ους
1001 2640 1149 2718 tuentur,

63 2733 243 2800 hortamen
265 2731 373 2799 rarius
395 2756 530 2817 omues,
564 2755 648 2823 quas
670 2731 887 2798 inconstantia
909 2734 1072 2823 quomodo
1093 2757 1149 2804 cx·

63 2834 165 2920 plicari
186 2833 313 2926 possit,
336 2857 433 2924 supra
456 2834 673 2902 indicavimus
695 2835 727 2918 ξ.
752 2836 791 2918 2,
816 2835 867 2900 13.

135 2939 169 3018 3)
211 2935 344 3004 Deinde
365 2937 537 3028 productio
559 2937 618 3003 illa
640 2936 840 3028 suppletoria
862 2937 1069 3024 agnoscitur,
1090 2939 1149 3007 uhi

63 3050 166 3106 nante
189 3061 331 3128 sequens
352 3065 373 3121 μ
395 3041 448 3106 vel
470 3039 622 3107 concidit
644 3040 687 3105 cl.
705 3039 781 3106 L.I
803 3039 836 3121 ἓ.
854 3039 887 3122 8,
904 3040 936 3105 3.
954 3041 987 3105 4.
1031 3041 1148 3132 ltaque

62 3142 195 3207 severior
215 3140 317 3206 Doris
342 3170 360 3220 p
381 3165 441 3230 pro
462 3141 589 3230 vulgari
611 3167 638 3206 εο
659 3143 756 3208 hahet
777 3141 813 3206 in
834 3140 906 3205 his:
992 3139 994 3146 ’

114 3247 145 3326 a)
188 3247 224 3310 in
250 3241 342 3310 verhi
369 3245 431 3323 εἰμί
456 3244 573 3308 l'ormis
601 3245 784 3310 nonnullis.
840 3243 1040 3334 Frequentia
1071 3257 1148 3312 suut

61 3347 198 3438 exempla
225 3344 382 3412 infinitivi
412 3339 487 3426 ἦμεν
518 3343 593 3430 (uhi
622 3346 732 3413 mitior
754 3345 856 3412 Doris
886 3345 967 3427 εἶμεν
989 3347 1086 3413 hahet
1107 3373 1147 3415 ex

61 3444 170 3532 ἴοιμεν
195 3473 256 3541 pro
285 3447 397 3527 εἶναι),
432 3447 467 3510 in
495 3447 585 3512 tahh.
608 3448 741 3514 Heracl.
773 3459 804 3513 et
825 3446 1018 3514 certioribus
1039 3449 1148 3519 titulis

63 3547 191 3616 Creticis
210 3547 306 3619 2555.
330 3547 427 3617 2556.
450 3547 558 3633 2558,
593 3551 690 3616 etiam
710 3547 815 3634 2554,
839 3550 892 3617 68.
914 3552 979 3619 212
1007 3560 1040 3616 et
1060 3552 1148 3642 apud

62 3647 245 3735 Chilonem,
268 3650 517 3741 Epimenidem,
539 3651 708 3743 Apophth.
731 3652 811 3718 Lac.
835 3677 869 3742 p.
885 3654 949 3720 242
971 3663 1033 3720 etc.
1076 3653 1147 3722 Nec

60 3751 158 3819 minus
187 3752 332 3821 severior
352 3753 455 3818 Doris
485 3751 541 3834 η’μί
569 3765 601 3819 et
629 3754 705 3837 η’μὲς
725 3779 784 3844 pro
807 3758 886 3835 εἰμί,
922 3755 1000 3836 εἰμέν
1022 3755 1146 3823 dixisse

61 3858 191 3940 putanda
206 3867 269 3939 est,
293 3879 393 3946 quum
415 3855 478 3920 ista
500 3879 541 3919 ex
563 3856 649 3937 ἕομί,
672 3859 780 3938 topic,
805 3857 894 3937 ἐσμέν
915 3857 1020 3944 (qnod
1033 3858 1146 3925 Atthis

62 3959 203 4038 servavit)
225 3967 299 4023 nata
313 3958 391 4022 sint.
423 3957 512 4023 Male
527 3957 562 4021 in
578 3957 740 4024 cantilena
754 3958 916 4023 Laconica
933 3957 1142 4029 Schneidew.
1200 3986 1203 3992 ·

61 4087 299 4103 *mm-—

95 4170 118 4232 6)
151 4172 252 4226 Dorica
272 4185 386 4236 vocatur
409 4189 440 4226 eo
465 4171 623 4228 terminatio
649 4174 707 4228 aJ.
729 4174 779 4229 Gr.
799 4176 866 4239 243,
885 4190 916 4237 a,
943 4177 1061 4230 llleerm.
1081 4167 1143 4246 658,
1168 4235 1172 4248 f

62 4253 128 4306 undo
144 4260 265 4329 corrigas
284 4259 334 4314 Gr.
354 4260 384 4314 C.
402 4261 454 4315 318
