2712 4818
230 337 256 382 Χ

230 536 395 598 accurate
439 525 814 619 accommodaremus,
867 524 931 598 sed
977 520 1094 599 semel
1133 512 1325 597 monuisse,

231 655 324 727 quae
350 626 396 699 ad
416 629 546 725 plures
572 628 672 703 locos
697 631 943 728 pertinerent,
979 628 1066 700 satis
1091 618 1297 692 habuimus·

332 731 469 828 Accipe
498 733 636 830 igitur,
684 735 740 804 mi
772 731 1076 819 Lachmanne,
1119 721 1218 794 launo
1245 737 1325 812 qua·

230 831 448 930 lemcunque
471 831 629 926 librum,
675 855 783 933 quem
810 837 841 906 si
868 835 989 932 priore
1023 855 1099 905 non
1124 820 1326 896 inferi⁰r0¹¹¹

225 935 449 1034 judicaveris
475 962 596 1034 nuque
622 936 701 1010 leve
725 936 795 1011 hoc
821 936 934 1010 animi
961 938 1034 1008 mei
1064 953 1149 1028 erga
1177 923 1238 994 Te
1270 915 1325 1031 do:

229 1049 438 1110 cumentum
470 1042 751 1136 contempseris,
796 1041 884 1112 satis
910 1038 1069 1137 amplum
1101 1025 1237 1102 laboris
1261 1039 1326 1089 me1

229 1142 428 1237 praemium
463 1152 591 1226 nactus
621 1167 701 1214 esse
735 1142 898 1214 videbor.
980 1140 1097 1238 Spero
1124 1129 1204 1204 lieri
1229 1141 1326 1242 posse

229 1253 271 1313 ut
298 1241 464 1314 breviore
491 1245 683 1316 intervallo
715 1243 885 1318 succedat
911 1245 1061 1333 tertius,
1103 1234 1168 1335 qui
1195 1234 1264 1300 errt
1287 1217 1326 1288 de

229 1343 383 1416 dialecto
410 1347 548 1419 Ionica.
626 1345 750 1440 Quum
778 1348 940 1420 enimin
967 1347 1047 1442 ipso
1072 1338 1169 1413 libro
1195 1329 1325 1422 aliquo·

229 1449 299 1520 ties
325 1446 580 1540 indicaverim,
617 1461 828 1547 sequentem
856 1449 902 1521 de
931 1451 1054 1521 mixtis
1080 1439 1273 1542 lyricorum
1295 1430 1327 1492 el

229 1547 478 1623 bucolicorum
506 1550 669 1624 dialectis
702 1565 866 1625 acturum
893 1576 993 1641 esse,
1040 1540 1232 1624 consilium
1253 1549 1324 1644 mr}-

229 1652 379 1724 tandum
408 1665 506 1744 erat,
545 1667 736 1753 postquam
759 1655 918 1752 comperi
939 1652 1148 1752 Zicglerum
1177 1647 1325 1748 egr⁰5¹ff⁵

228 1755 406 1827 librorum
439 1759 767 1853 manuscriptorum
798 1757 913 1852 copiis
943 1757 984 1828 in
1011 1754 1118 1828 ltalia
1151 1753 1326 1836 conquisi-

229 1860 276 1930 tis
303 1856 489 1932 Theocriti
517 1857 718 1949 editionem
740 1883 881 1955 parare.

334 1985 423 2058 Vale
450 1999 487 2059 et
512 1986 603 2057 mihi
626 1983 747 2057 lavere
774 2009 900 2083 perge.

271 2188 400 2256 Dabam
419 2187 558 2257 llieldae
581 2189 740 2258 Calendis
761 2189 862 2278 lllajis
884 2215 914 2257 a.
938 2173 1235 2258 MDCGGXlaffl·

613 2543 950 2554 Ἥ
