2746 4818
233 399 310 476 356
492 393 525 486 §.
545 393 606 471 43.
653 393 711 465 De
733 385 1069 486 praepositionibus

233 601 289 667 ..o
311 599 413 680 roos,
444 597 541 664 nono
564 573 668 678 1252,
699 592 816 667 παις
840 591 936 688 rasa
954 592 1028 677 (seo
1048 594 1121 658 ,αα
1143 591 1235 676 τινα
1252 593 1306 672 ιν).

232 705 331 770 Adde
361 700 477 768 ποινάν
508 697 544 764 in
578 695 744 763 Coralisci
780 697 976 784 fragmento.
1043 696 1215 761 Postremo
1245 694 1313 783 apud

234 802 465 892 Thucydidem
486 800 531 877 V,
555 799 609 866 77.
632 799 675 866 79
697 800 854 897 leguntur
877 796 1028 878 καττάδε,
1059 797 1176 876 καττά,
1205 795 1312 870 conda.

321 905 433 988 Quum
454 902 558 993 igitur
578 901 724 988 genuina
738 899 841 965 Doris
863 900 898 964 in
921 899 1113 965 universum
1137 923 1208 964 eant
1227 901 1314 988 legen

235 1019 345 1075 secuta
369 1030 442 1071 esse
463 1005 632 1079 videatur,
657 1027 756 1094 quarn
778 1003 815 1066 in
836 1002 960 1066 tabulis
984 1001 1259 1068 Heracleensihns
1276 1025 1315 1066 va·

233 1113 302 1176 lere
334 1109 495 1185 diximus,
530 1107 682 1171 Lacones
712 1115 821 1169 tamen
850 1103 991 1169 Aeolico
1023 1127 1114 1168 more
1145 1104 1225 1183 (vid.
1252 1103 1316 1168 L.l

234 1208 266 1302 ᾗ.
289 1210 346 1300 28)
378 1209 657 1301 praepositionem
691 1206 772 1270 κατά
805 1205 939 1271 duriore
970 1230 1116 1295 apocope
1145 1207 1315 1272 affecerunt.

208 1313 212 1320 “
234 1316 370 1380 Praeter
394 1311 532 1377 κάτθανε
553 1311 588 1375 in
611 1309 699 1374 dicto
720 1309 889 1374 Laconico
905 1309 1073 1374 Plutarch.
1097 1307 1217 1397 Pelop.
1241 1333 1267 1372 c.
1286 1309 1318 1372 31

235 1428 268 1482 ct
290 1413 431 1501 κατθάνῃ
455 1414 491 1478 in
514 1411 668 1478 Chilonis
693 1410 853 1502 epistola,
887 1432 971 1498 quae
1000 1410 1131 1496 vulgari
1163 1422 1317 1475 consuctu-

235 1518 307 1584 dini
329 1541 396 1585 non
419 1525 627 1605 repugnant,
661 1537 701 1579 co
723 1512 888 1603 pertinent
910 1511 1080 1587 καππάτας
1101 1513 1245 1578 Pansan.
1267 1512 1318 1594 lll,
1354 1593 1355 1608 χ

233 1623 298 1703 22,
330 1621 348 1686 1
380 1643 440 1709 pro
473 1615 698 1699 καταπαάτης,
732 1613 948 1698 καββαλόντας
978 1614 1024 1679 in'
1048 1615 1137 1680 dicto
1169 1613 1318 1680 Laconico

234 1723 402 1788 Plutarch.
425 1719 575 1808 Lysand.
606 1743 635 1783 c.
661 1719 703 1784 14
718 1715 772 1800 ²),
805 1717 993 1801 κακκέχυται
1021 1717 1192 1782 Plutarch.
1221 1718 1318 1782 Instit.

235 1825 360 1891 Lacon.
389 1850 425 1915 p.
451 1823 536 1904 241,
570 1819 731 1909 Hesychii
762 1818 895 1905 glossae
917 1817 1103 1885 Laconicae
1126 1819 1244 1898 κάκκη,
1274 1817 1320 1883 κά-

232 1930 327 1992 θευδε
347 1966 390 1978 --
411 1924 577 2008 κάβλημα,
601 1925 803 2009 περίστρωμα
826 1956 870 1966 -
892 1922 1069 2005 καμμέννιν,
1093 1922 1270 2002 καταμένειν
1287 1961 1319 1972 -

215 2028 375 2114 -κάβασι,
410 2027 572 2112 κατάβηθι
593 2039 627 2090 et
653 2023 877 2110 κατράγοντες,
911 2027 941 2086 οἱ
970 2020 1122 2106 βόαγρνι,
1158 2025 1246 2112 qnod
1272 2047 1320 2113 pro

235 2129 479 2217 κατατρίψαντες
515 2129 638 2194 dictum
667 2135 803 2215 putant,
833 2134 999 2214 postremo
1028 2123 1244 2191 Alcmancum
1275 2153 1321 2189 κα-

234 2235 350 2316 palona
379 2233 421 2295 lr.
445 2231 488 2298 20
512 2227 595 2316 (34).
646 2231 686 2295 ln
708 2230 770 2292 laoc
795 2250 938 2291 consona
963 2227 1058 2314 plane
1080 2226 1209 2312 abjecta
1230 2240 1277 2294 est
1294 2237 1321 2290 nt

235 2333 271 2399 in
292 2332 469 2398 Pindarico
493 2331 627 2402 κάπετον
647 2354 709 2421 pro
733 2331 902 2393 κατέπεσον
925 2327 981 2394 01.
997 2325 1094 2406 Vlll,
1119 2330 1173 2396 38.
1221 2329 1321 2398 Simile

235 2448 287 2502 cst
308 2434 428 2519 κάβασι
456 2433 544 2524 apud
567 2433 771 2521 Hesychium
801 2427 863 2516 (cf.
887 2430 970 2494 inid.
994 2429 1121 2510 κόδνκε,
1157 2433 1322 2516 πρόςρνψον

235 2537 259 2602 i.
278 2563 307 2604 c.
331 2539 468 2603 πατίδικε
489 2536 629 2602 dialecto
651 2559 718 2600 uon
740 2534 920 2612 nominata)
944 2543 1081 2621 et,quae
1104 2558 1122 2598 e
1143 2534 1250 2602 titulis
1271 2536 1322 2600 La·

234 2665 310 2706 con.
337 2639 440 2722 1511,
471 2639 597 2729 Amph.
622 2636 725 2719 1688,
759 2635 896 2724 Corcyr.
929 2635 1013 2702 1840
1040 2639 1323 2723 supra-attulimus
1353 2663 1354 2670 ¹

233 2742 354 2826 ποτόν,
382 2741 500 2825 doado,
531 2739 630 2817 κατά,
660 2742 745 2820 ποτῷ
766 2750 800 2804 et
822 2737 918 2802 κατόν
940 2737 1028 2825 apud
1049 2738 1244 2804 Alcmenen]
1267 2739 1322 2804 vid.
1353 2771 1354 2820 3

235 2843 267 2925 ἓ.
292 2844 333 2909 13
364 2852 433 2907 not.
456 2845 478 2908 4
499 2841 557 2918 (cl.
581 2840 715 2922 1..1§.
739 2838 794 2922 47,
817 2837 867 2924 3).
912 2839 1027 2927 ltaque
1047 2841 1274 2927 pronuntiatio
1295 2865 1325 2904 eo
1353 2851 1354 2904 t

234 2944 413 3009 inclinasse
435 2943 587 3025 videtur,
610 2954 648 3006 nt
669 2944 770 3006 altera
793 2963 938 3007 consona
960 2941 1064 3026 ejecta
1085 2942 1247 3030 syllabam
1268 2967 1326 3007 cor·

235 3044 379 3134 riperet3
401 3045 584 3110 accuratior
604 3055 714 3110 tamen
735 3043 918 3109 tabularum
931 3042 1207 3110 Heracleensium
1230 3047 1325 3111 ortlo-

184 3125 188 3150 ¹
235 3147 372 3236 graphia
401 3148 525 3238 ubique
554 3170 731 3212 consonam
764 3143 909 3232 geminat
938 3167 999 3210 nec
1027 3145 1155 3236 reliqna
1187 3147 1326 3236 exempla

236 3260 364 3337 praeter
396 3248 626 3314 Alcmanicum
661 3255 694 3312 el
732 3247 947 3312 Pindaricum
982 3247 1079 3313 valde
1119 3259 1210 3314 certa
1249 3259 1326 3314 sunt.

234 3347 372 3436 Ejectae
401 3367 569 3416 consonae
594 3349 690 3415 aliam
719 3350 880 3414 rationem
907 3371 980 3414 csse
1002 3349 1096 3415 vides
1117 3349 1153 3414 in
1176 3351 1325 3434 κάβλημα.

234 3495 276 3506 --
319 3450 397 3516 Alia
426 3451 506 3516 dura
534 3451 792 3543 praepositionis
822 3450 958 3516 mutatio
986 3459 1037 3514 est
1064 3451 1100 3516 in
1122 3452 1328 3542 Hesychiano

236 3553 365 3637 άττασι,
389 3551 563 3631 ἀνάστηθι,
595 3555 684 3643 quod
706 3551 906 3618 Laconicum
929 3575 1002 3618 esse
1024 3551 1173 3641 videtnr3
1207 3553 1329 3620 namin

237 3655 391 3740 άναταθι,
425 3655 514 3745 quod
540 3653 688 3743 vulgaris
717 3654 855 3722 Doridis
885 3677 959 3718 csse
986 3666 1158 3742 putamus,
1196 3658 1330 3747 primun

235 3757 376 3824 Aeolico
405 3781 495 3826 more
526 3753 608 3842 (vid.
640 3755 723 3821 L.I
759 3756 876 3838 §.28,
901 3756 935 3836 1)
970 3755 1090 3821 doroth
1119 3758 1249 3825 factum
1276 3767 1328 3834 cst,

236 3858 354 3924 deinde
373 3883 435 3949 pcr
455 3857 638 3924 Laconicas
660 3856 858 3923 mutationes
880 3857 991 3922 άττασι
1011 3857 1080 3925 vid.
1103 3855 1225 3944 §.13,
1248 3862 1282 3928 4.

308 3961 344 4038 2)
366 3959 456 4026 Raro
471 3959 672 4050 praepositio
689 3958 770 4042 ἀμφί
784 3983 855 4025 eam
865 3983 1036 4049 apocopen
1050 3982 1149 4050 passa
1166 3975 1234 4047 cst,
1257 3979 1331 4052 quae

252 4184 297 4279 'll
332 4183 359 4238 J.
376 4182 430 4238 Gr.
448 4185 561 4252 24³‚b,
590 4185 708 4240 Moerin.
727 4189 795 4248 659,
825 4186 877 4242 Gr.
896 4187 927 4242 C.
947 4190 1002 4246 361
1020 4189 1163 4255 καββνλνῑν
1181 4183 1353 4246 interno,

234 4283 294 4322 rrca
312 4282 482 4326 enumerant.
1352 4297 1353 4302 ¹
