2754 4818
201 351 278 428 524
507 348 679 423 Addcnda
702 363 737 420 et
760 327 1000 446 Corrigenda

203 551 304 618 nimia
326 547 584 618 inconcinnitate
606 549 778 634 laborent,
809 548 1067 638 transpositione
1089 547 1245 613 utendum
1266 557 1296 610 st

198 665 307 737 ‘totum
336 654 555 742 fragmentum
584 651 619 716 in
654 655 737 718 hanc
765 651 923 718 rationem
958 648 1199 716 restituendum
1230 671 1294 714 csse
1368 653 1369 728 j

203 757 417 824 arbitramnra
1152 815 1156 820 .

222 873 225 883 “
356 856 479 924 Ποίνειν
500 857 554 937 μὲν
578 857 653 940 ἆμίς
674 861 728 922 καί
750 857 857 940 φαγεῖν
878 852 947 940 μέγ’
971 853 1114 940 ἇνδραιοί

357 963 411 1024 καί
432 959 632 1042 καρτερεῖμεν
651 959 734 1024 τοίδε
762 959 920 1040 Θηβαῖοι·
945 958 1049 1042 λέγειν

356 1065 410 1126 καί
428 1059 526 1144 μικροὶ
549 1060 681 1143 φαγέμεν
702 1062 768 1135 τοῖς
789 1059 972 1138 Ἀθηναίοις
992 1061 1078 1142 μένα.

288 1162 535 1252 lamechque,
573 1161 719 1252 exceptis
741 1161 931 1227 nominibus
952 1161 1158 1249 gentilibus,
1201 1159 1301 1228 Boeo·

205 1267 339 1332 tismum
360 1265 472 1354 paullo
494 1264 714 1356 antiquiorem
735 1275 883 1331 sccurate
904 1265 1069 1349 referunt3
1103 1277 1222 1330 contra
1242 1265 1301 1330 La·

207 1368 355 1436 conicum
370 1367 544 1434 dialectum
558 1378 687 1456 practer
699 1365 812 1431 ποίνειν
827 1377 1001 1456 peccarent
1013 1364 1174 1433 infinitivi
1196 1367 1234 1432 in
1253 1391 1301 1448 μιν

208 1481 379 1537 excuntes.
443 1468 606 1534 lniinitivi
635 1470 755 1559 partim
786 1470 822 1534 in
846 1493 890 1532 ειν
911 1469 1067 1538 desinunt
1087 1478 1126 1533 ut
1147 1471 1300 1554 θερίδδειν

208 1571 296 1662 apud
327 1571 613 1662 Aristophanem,
656 1571 774 1660 partim
806 1571 843 1636 in
874 1595 927 1655 μιν
957 1581 996 1636 ut
1026 1570 1190 1654 upaddcjcev
1224 1569 1300 1660 apud

208 1673 424 1758 Strattidcm3
467 1675 664 1758 καρτερεῖμεν
685 1685 740 1738 ant
768 1697 786 1737 e
814 1675 1013 1760 καρτερείμεν
1033 1673 1159 1738 factum
1181 1681 1304 1739 estant

131 1815 132 1820 κ
210 1777 478 1866 conjugationem
498 1775 534 1841 in
556 1802 591 1858 με
612 1775 773 1866 sequitur.
833 1775 964 1842 Censor
984 1775 1117 1866 quidem
1139 1775 1305 1842 Darmsta·

209 1879 338 1945 diensis
367 1879 566 1968 ‚vituperavit
594 1881 674 1955 nos,
713 1878 803 1966 quod
829 1879 984 1962 θερίδδειν
1010 1877 1222 1956 Boeoticum'
1238 1903 1303 1945 esse

209 1982 486 2063 credidissemus,
509 1992 542 2046 et
561 1982 703 2064 θερίδδιν
726 1981 865 2046 dialecto
887 1980 1048 2070 postulari
1069 1982 1300 2069 pronuntiavit.

211 2083 349 2150 Scilicet
368 2107 436 2149 non
457 2081 643 2166 intellexit,
687 2105 771 2172 quae
793 2083 874 2148 satis
897 2094 1009 2172 aperte
1029 2077 1202 2150 indicasse
1223 2085 1303 2178 ride·

209 2187 349 2272 bamur,
393 2186 467 2252 idco
494 2185 687 2252 Boeoticum
715 2208 788 2252 esse
813 2187 991 2272 θερίδδειν,
1035 2185 1125 2273 quod
1147 2185 1304 2252 Doricum

210 2288 444 2370 (Laconicum)
473 2300 560 2354 essct
587 2289 749 2368 θερίδδην.
814 2286 931 2352 Boeoti
957 2286 1045 2352 enim
1066 2286 1305 2379 diphthongum

212 2414 260 2467 ει,
283 2413 367 2480 quac
390 2402 440 2456 est
460 2391 496 2456 in
517 2389 647 2478 vulgari
668 2389 802 2480 lingua,
832 2413 900 2457 non
920 2400 1047 2455 mutant
1067 2391 1103 2455 in
1126 2417 1140 2454 ι
1162 2391 1225 2458 sed
1247 2415 1305 2458 ser·

211 2503 306 2569 vant,
331 2517 432 2582 quum
453 2494 489 2558 in
512 2493 674 2560 severiore
695 2492 862 2570 Dor-iden
886 2504 937 2559 est
957 2492 1110 2560 vid.L.1
1131 2517 1168 2583 p.
1182 2495 1305 2562 185.-

211 2594 324 2660 Tertia
353 2596 490 2682 pluralis
519 2595 686 2682 praeteriti
712 2597 881 2685 vulgarem
909 2595 1176 2662 terminationem
1206 2610 1307 2672 serrat

212 2698 247 2763 in
270 2696 473 2782 impensiores
494 2697 597 2764 Lealr.
620 2723 672 2763 ur.
688 2697 743 2781 37,
770 2698 837 2764 nist
859 2721 896 2762 ca
918 2721 981 2764 vox
1002 2708 1155 2787 conrupta
1177 2714 1243 2766 est.

296 2801 352 2864 Pa
361 2826 393 2896 g.
417 2799 482 2866 210
510 2823 567 2864 nr.
590 2802 622 2866 3.
669 2799 808 2889 Insigne
830 2799 1014 2888 exemplum
1037 2800 1131 2866 verbi
1155 2804 1309 2870 contracti

213 2901 480 2990 conjugationem
508 2901 543 2966 in
567 2927 601 2983 μι
624 2903 755 2992 sequuti
777 2925 864 2966 nunc
887 2902 994 2967 detexi
1015 2902 1051 2966 in
1073 2901 1248 2972 Corinnae
1266 2907 1308 2970 lo-

213 3028 270 3087 co,
295 3025 392 3094 quem
405 3002 680 3070 Schneidewiuus
702 3027 795 3069 meus
816 3004 897 3069 mihi
918 3003 1090 3071 iudicavit.
1124 3005 1167 3070 ln
1184 3005 1308 3074 Scholl.

212 3105 304 3171 Vict.
324 3106 424 3172 Hom.
449 3105 490 3170 ll.
523 3131 561 3190 ρ,
586 3106 649 3173 197
669 3107 709 3170 nd
733 3130 845 3172 vocem
867 3105 967 3194 μηριὶς
986 3107 1067 3173 hacc
1089 3107 1310 3176 adnotantur:

167 3279 168 3288 χ
213 3211 266 3274 καί
298 3205 332 3272 α’
367 3208 466 3294 α’ίρννα
506 3207 729 3288 (Schneidcw.
761 3208 918 3292 Κόριννα)
950 3213 1129 3294 ’βροντᾶς
1161 3209 1234 3275 ἀντί
1264 3217 1313 3278 τοῦ

213 3309 403 3402 βροντήσας.
469 3310 558 3378 blalc
589 3312 764 3378 scholiasta
792 3334 905 3377 vocem
935 3336 954 3376 c
983 3311 1163 3395 βροντήσας
1191 3315 1312 3381 lactum

214 3426 327 3504 putat,
352 3424 389 3479 ut
409 3413 508 3498 γηράς
532 3413 714 3499 εμηράσας
736 3415 772 3478 in
792 3414 892 3480 breve
914 3424 1115 3480 contractum
1138 3427 1312 3504 putarunt:

214 3517 326 3608 polius
348 3516 482 3602 βροντάς
504 3539 522 3580 a
544 3515 697 3600 βρόνιαμι
717 3517 904 3583 ducendum
929 3521 991 3584 est.

299 3619 393 3706 Pag.
417 3619 482 3684 210
513 3620 537 3684 l.
562 3620 614 3685 18.
662 3619 765 3686 Ceos.
786 3619 931 3685 Darmst.
956 3629 1042 3685 recte
1064 3620 1197 3684 monuit
1217 3623 1313 3707 vulgo

216 3721 406 3803 ἀδικείμενος
436 3719 562 3804 scribi,
600 3734 635 3786 ut
664 3722 716 3789 sit}
735 3722 929 3812 perlectum.
992 3720 1180 3808 Elmslejus
1209 3735 1313 3788 tamen

215 3825 345 3889 numeri
375 3847 473 3888 cansa
502 3847 659 3913 praesens
690 3822 879 3912 ἀδικείμενος
907 3822 1087 3912 praetulit,
1134 3825 1230 3914 quod
1253 3847 1310 3890 non

215 3938 267 3994 est
288 3949 346 3991 eur
367 3926 409 3991 ab
430 3925 675 4014 antiquioribus
699 3927 833 3992 Boeotis
855 3926 1092 4012 abjudicemus.

176 4093 179 4100 k
300 4068 342 4083 -
378 4038 458 4093 not.
480 4031 514 4093 3.
566 4029 621 4092 Ad
646 4028 821 4094 Aeolicum
844 4029 965 4094 idioma
987 4029 1178 4094 referuntur
1200 4031 1314 4112 ἒμᾶθα

219 4155 299 4213 σαν,
341 4132 464 4196 sidocus
498 4142 530 4196 ct
562 4131 685 4216 similia
717 4155 735 4195 a
760 4130 978 4199 Grammatico
1005 4131 1091 4222 apud
1114 4133 1313 4222 Peyroniaun

193 4245 292 4323 ·post
313 4233 423 4321 Etym.
448 4233 565 4300 Orion.
588 4257 622 4322 p.
647 4235 721 4301 241.
