2746 4818
292 395 325 487 l.
350 392 413 472 47.
435 404 441 421 ¹
467 396 525 470 De
550 393 724 470 universa
748 390 898 467 Doride.
1069 389 1144 469 397

45 599 141 684 licet,
165 598 313 666 Boeotis.
340 640 383 652 -
425 600 466 666 ln
488 599 711 668 declinatione
733 607 882 664 nummus
905 597 1051 668 dativum
1071 602 1145 692 pln-

45 702 147 768 ralem
169 701 285 767 tertiae
314 701 351 768 in
382 726 453 768 coca
482 713 676 788 exeuntem,
711 725 809 792 qucm
828 700 931 768 Doris
954 713 988 768 et
1003 711 1147 792 utruque

44 803 160 870 Aeolis
184 826 225 868 cx
246 803 439 894 antiquitate
462 815 677 894 acceperunt,
707 804 828 870 deinde
849 803 980 870 Atticae
1002 804 1147 872 declina·

44 904 145 972 tionis
163 929 282 971 vocum
302 905 339 970 in
362 933 392 982 ις
413 915 447 972 et
468 932 518 982 ευς
539 907 709 973 horrorem
732 905 853 973 iisdem
869 929 1087 974 communem.
1103 949 1146 962 -

44 1009 83 1073 ln
105 1007 360 1097 pronominibus
382 1009 616 1099 personalibus
637 1007 725 1097 apud
745 1008 855 1074 Dores
877 1018 911 1073 et
931 1008 1075 1076 Boeotos
1095 1034 1146 1076 re·

41 1109 218 1198 perinutur
247 1109 385 1196 genitivi
415 1112 599 1199 singulares
631 1108 667 1175 in
696 1137 730 1187 ς,
766 1119 803 1175 nt
832 1112 941 1192 ἐμοῦς,
961 1167 964 1174 .
982 1122 1016 1175 et
1045 1111 1148 1180 dativi

43 1212 234 1299 singulares
263 1211 300 1276 in
328 1236 369 1276 ιν.
427 1211 660 1280 Nominativus
687 1213 775 1300 apud
797 1209 930 1278 eosdem
950 1221 984 1278 et
1004 1213 1146 1280 Lesbios

40 1315 76 1380 in
102 1339 135 1390 cc
157 1314 225 1380 exit
256 1311 353 1393 (Dor.
375 1312 494 1380 Docet.
517 1316 611 1400 ἁμές,
646 1315 749 1382 Lesb.
775 1314 905 1398 ἄμμες),
940 1316 1147 1383 aecusativus

41 1417 77 1482 in
103 1443 118 1481 a
140 1417 238 1497 (Dor.
262 1425 295 1483 ct
315 1416 372 1482 vix
393 1415 489 1482 aliter
509 1415 667 1484 Bocotice
692 1418 768 1498 ἁμέ,
802 1415 907 1484 Lesb.
931 1415 1039 1504 ἄμμε).
1082 1420 1147 1486 Ar·

38 1519 166 1586 ticulus
200 1541 275 1584 cum
309 1517 574 1584 demonstrativis
607 1517 660 1582 ὅδε
690 1527 722 1582 ct
757 1516 848 1594 οὗτος
877 1519 913 1582 in
945 1519 1152 1588 nominativo·

39 1620 167 1712 plurali
189 1619 277 1708 apud
298 1619 407 1685 Dores
422 1631 462 1685 et
482 1619 627 1686 Boeotos
650 1619 822 1706 antiquum
843 1646 860 1683 τ
881 1634 1007 1705 servat,
1039 1623 1148 1688 relati·

39 1749 121 1790 vum
144 1723 179 1788 iu
202 1722 321 1787 iisdem
345 1732 378 1788 et
399 1723 435 1788 in
457 1720 622 1788 Lesbiaca
645 1720 785 1786 dialecto
806 1721 1005 1790 resciscere
1025 1735 1145 1816 potest.

39 1825 165 1892 Doridi
188 1823 320 1915 propria
345 1835 422 1889 sunt
444 1823 698 1890 demonstrativa
728 1827 839 1908 τῆνος,
874 1829 1031 1904 τοσσῆνος
1058 1837 1090 1892 et
1118 1828 1148 1891 si

39 1953 109 2020 qua
139 1928 273 1992 fuerunt
303 1925 668 2011 similia,.reflexivum
699 1923 871 2004 αὐταυτοῦ,
911 1928 1000 2019 quod
1029 1938 1080 1993 est
1107 1953 1148 1994 ex

38 2028 140 2105 αὐτὸς
163 2027 258 2093 αὐτοῦ
278 2029 414 2092 factum.
438 2069 479 2080 -
523 2027 563 2095 ln
587 2029 823 2117 conjugatione
844 2029 968 2096 Dorica
990 2029 1077 2096 nibil
1097 2028 1147 2094 in·

38 2132 176 2224 signius
200 2141 250 2197 est
271 2155 370 2220 quam
393 2128 497 2196 futuri
525 2130 608 2195 ratio
639 2155 697 2215 ea,
727 2156 817 2221 quae
838 2142 913 2223 post
938 2157 958 2196 σ
978 2130 1099 2197 inserit
1120 2154 1150 2226 a,⁴

36 2235 72 2299 iu
97 2233 202 2300 variis
226 2232 357 2298 dialecti
379 2231 557 2319 generibus
579 2231 818 2300 diversissimis
842 2234 927 2301 illud
948 2233 1056 2302 modis
1076 2257 1147 2298 mn·

36 2347 146 2402 tatum
169 2332 219 2420 (§.
245 2335 305 2420 35,
331 2334 351 2400 3
374 2347 407 2398 et
429 2333 461 2418 ἓ.
486 2333 561 2418 26),
589 2359 653 2424 qua
676 2337 871 2402 formatione
893 2334 1053 2403 Doridem
1073 2359 1147 2427 pro·

34 2441 121 2532 pius
153 2460 250 2527 quam
281 2437 428 2526 reliquos
460 2436 616 2503 dialectos
646 2437 687 2503 ad
715 2437 858 2527 priscam
886 2437 1034 2527 linguam
1057 2462 1148 2505 accc·

35 2543 121 2607 dere
139 2537 333 2624 docuimur3
356 2540 465 2604 futura
484 2541 610 2629 passivi
632 2540 665 2605 iu
683 2538 810 2606 Doride
826 2540 970 2630 genuina
986 2539 1148 2627 objectiva

32 2645 149 2709 l'orma
171 2639 220 2705 uti
241 2640 407 2708 videntur.
453 2641 482 2706 Ε
506 2640 726 2708 remotissima
747 2651 851 2706 aetate
867 2641 1010 2708 manavit
1023 2641 1148 2735 primae
1269 2665 1271 2672 ’

31 2735 367 2836 personae'pluralis
391 2742 577 2810 terminatio
599 2767 653 2825 μες
675 2743 795 2808 Doridi
817 2744 970 2834 propria,
1004 2768 1066 2810 nec
1088 2743 1148 2809 mi·

30 2873 104 2915 nus
128 2845 246 2911 tertiae
272 2843 414 2935 pluralis
442 2843 630 2912 terminatio
659 2872 724 2923 crs,
758 2870 858 2935 quam
887 2847 1033 2916 notiores
1060 2857 1149 2914 certe

33 2946 181 3018 dialecti
199 2958 368 3013 mutarunt
389 2947 475 3028 (Act.
490 2947 564 3014 lou.
581 2947 723 3031 λέγουσι,
747 2945 852 3036 Lesb.
869 2950 1006 3036 λε’γοισι,
1029 2949 1146 3015 Boeot.

29 3047 188 3139 tc'yovdaj
223 3050 305 3115 Dor.
330 3047 472 3131 λέγοντι).
527 3047 666 3115 Brevior
696 3049 811 3116 tertiae
833 3051 972 3139 pluralis
993 3053 1149 3142 praeteri·

28 3167 153 3222 torum
184 3149 430 3240 conjugationis
459 3146 496 3214 in
526 3175 562 3231 μι
593 3150 698 3217 forma
730 3175 835 3241 aeque
866 3154 1001 3243 antiqua
1033 3153 1146 3242 (ἔγνον,

26 3257 228 3332 ἕδίκασθεν)
256 3253 422 3319 Aeolibns
444 3251 628 3318 communis
652 3263 712 3320 est.
772 3251 935 3339 Ejusdem
965 3253 1149 3330 infinitivus

23 3363 68 3428 in
96 3382 159 3443 μεν
181 3356 251 3420 exit
272 3355 359 3448 apud
380 3377 497 3422 omncs
520 3353 706 3420 Dorienses
727 3353 874 3444 exceptis
897 3354 1060 3442 Rhodiis,
1090 3360 1148 3446 qni

23 3457 308 3530 terminationem
337 3457 374 3524 in
403 3481 471 3538 μειν
497 3454 706 3547 producunt3
737 3455 796 3524 illa
827 3455 910 3524 ratio
940 3483 1006 3527 nou
1038 3460 1149 3527 minus

21 3560 204 3634 Boeotico
226 3569 288 3626 est.
333 3557 508 3648 Participii
528 3557 668 3650 perlecti
688 3556 842 3624 seminini
857 3561 1061 3647 terminatio,
1084 3552 1150 3652 qua

19 3661 213 3754 antiquior
235 3661 337 3728 Doris
359 3661 513 3728 universa
535 3683 595 3727 usa
616 3682 690 3725 csse
710 3660 860 3747 videtur,
891 3687 963 3732 una.
982 3687 1055 3730 cnm
1077 3665 1150 3732 rul-

19 3767 115 3863 gari
147 3765 203 3827 υῒα
232 3774 265 3829 et
286 3763 400 3830 Ionica
428 3765 481 3830 οἷα
510 3760 626 3828 erudi
648 3761 787 3854 quadam
808 3764 917 3854 prisca
938 3766 1072 3854 prodiit.
1118 3763 1146 3830 E

16 3865 158 3940 verbis
187 3862 427 3954 irregularibus
457 3875 491 3931 et
521 3863 694 3932 defectivis
723 3867 863 3946 maxime
894 3877 1044 3933 notamus
1067 3861 1153 3935 noui

14 3971 141 4043 nulla
163 3965 284 4034 Doridi
312 3978 368 4034 aut
392 3967 525 4062 propria
547 3977 603 4033 ant
622 3991 701 4057 prae
722 3967 861 4058 reliquis
874 3968 1033 4045 ,dialectis
1056 3963 1148 4039 lomi·

13 4073 161 4148 liar-iaz
198 4068 370 4150 ὃήλεσθαι,
397 4073 546 4148 deisbus,
575 4073 730 4150 doiotlna,
761 4072 866 4154 ἴσαμι,
898 4076 974 4152 lde,
1001 4075 1147 4166 poledae,

8 4177 230 4248 πάσασθαι.
290 4171 441 4256 Quorum
470 4195 571 4260 quum
592 4173 788 4262 pleraquc'e
809 4195 935 4242 summa
955 4174 1149 4264 antiquitate

11 4275 169 4351 tradita
191 4297 295 4365 eaque
316 4275 391 4367 ipsa
407 4272 448 4340 de
465 4295 596 4340 causan
612 4275 752 4367 reliquis
767 4274 917 4346 dialectis
932 4300 1000 4342 ¹non
1014 4277 1149 4344 omnino
