2726 4820
237 375 315 458 3⁰2
489 407 495 416 ‘
606 381 674 456 De·
692 377 958 484 conjugatione.

237 585 274 651 in
295 581 407 652 verbis
430 584 631 665 contractis,
674 595 712 650 nt
741 586 853 668 pilum
883 595 918 650 et
946 582 1051 664 adnot.
1105 589 1139 650 A
1169 585 1322 654 nonnullis
1356 595 1357 600 ’

236 686 463 776 grammaticis
489 711 543 754 ea
557 687 760 777 proprietas,
806 686 885 778 quia
917 685 1057 759 unanime
1087 687 1177 779 apud
1204 690 1323 778 Ibycum

233 791 428 880 Rheginum
442 789 725 880 conspiciebatur,
749 789 863 878 Ibyeei
887 790 1064 856 schematis
1086 793 1222 858 nomine
1236 789 1357 902 signi

160 968 164 976 ¹
235 893 331 959 licata
360 904 428 976 est,
461 892 586 983 quippe
615 893 673 982 qui
698 892 948 979 conjunctivum
969 915 1031 984 pro
1052 893 1232 958 indicativo
1251 891 1357 982 posi

236 1007 308 1064 tum
328 1017 403 1060 esse
424 998 509 1062 male
532 994 765 1083 opinarentnr3
795 995 970 1062 schematis
992 995 1081 1061 enim
1102 993 1357 1086 appellatio
1296 985 1357 1058 ad

238 1097 452 1186 syntecticam
473 1099 747 1189 permutationem
767 1098 922 1188 pertinet.
974 1097 1073 1165 Nune
1091 1097 1183 1188 apud
1206 1097 1326 1187 Ibycum
1356 1133 1357 1176 g

237 1202 311 1288 ejus
344 1201 476 1289 generis
512 1198 669 1288 leguntur
700 1198 808 1286 ἔχησιι
842 1202 885 1267 1ι.
915 1201 937 1268 8
972 1209 1005 1265 et
1033 1201 1189 1284 ἐγείρῃσιν
1219 1202 1262 1266 fr.
1285 1199 1324 1266 15.

223 1301 435 1388 ‘Quaeritun
469 1313 580 1370 utrum
601 1301 723 1391 Ibyeus
753 1323 826 1370 eum
857 1327 954 1370 usum
983 1303 1253 1394 e‘Ilheginurnm
1274 1301 1326 1366 dia·

236 1407 325 1473 lecto
355 1406 521 1490 hauserit,
553 1427 595 1472 un
629 1403 794 1492 Rheginis
822 1415 956 1496 propter
983 1403 1121 1494 Ibycum
1150 1407 1326 1496 popularem

237 1507 424 1598 adscriptus
447 1509 501 1574 sit.
554 1507 650 1572 Illum
673 1507 864 1596 opinionem
887 1507 1164 1575 Schneidewinus
1187 1507 1229 1572 ad
1249 1507 1325 1594 Ibpa.

236 1635 272 1702 p.
297 1609 339 1680 66
361 1609 472 1675 minus
493 1621 582 1676 recte
605 1609 776 1698 amplexus
803 1621 863 1676 est.
919 1604 1069 1676 Primum
1100 1610 1253 1676 eniun'in
1274 1609 1326 1675 Do·

237 1712 306 1779 rica
327 1711 572 1802 Rhegium-um
584 1711 725 1777 dialecto
754 1713 831 1780 illae
863 1714 987 1778 formae
1009 1705 1098 1780 certe
1118 1713 1154 1783 in
1176 1739 1206 1775 τι
1228 1735 1286 1801 pro
1305 1733 1327 1772 σι

238 1815 329 1922 exire
352 1813 532 1898 debebant,
557 1815 771 1894 stratuum
794 1839 853 1910 pro
875 1818 997 1894 τίθησι.
1043 1812 1176 1880 Deinde
1190 1814 1249 1879 alii
1263 1835 1326 1903 quo·

237 1921 303 2009 q'ue
331 1923 447 2008 poe'tue
477 1940 515 1982 eo
543 1918 723 1984 formarum
753 1941 874 2008 genere
903 1920 970 1983 usi
987 1927 1085 1999 sunt,
1120 1939 1204 2005 quos
1235 1935 1328 2004 neque

237 2046 266 2085 a
276 2017 444 2109 Rheginia
475 2043 585 2109 neque
607 2020 648 2084 ab
670 2020 747 2084 aliis
768 2017 984 2086 llorienaium
1005 2007 1171 2086 mutuatos
1193 2043 1268 2086 esse
1285 2040 1329 2106 pr·

236 2133 295 2190 tet.
350 2121 436 2188 Nam
465 2123 553 2210 apud
572 2121 756 2189 Homerum
783 2121 941 2211 pleraque
969 2120 1126 2210 quidem,
1158 2145 1245 2212 qnae
1263 2119 1328 2186 olim

236 2229 303 2292 bne
323 2214 435 2290 'tracta
467 2235 566 2309 sunt,
598 2224 641 2288 ad
662 2223 911 2309 conjunctivum
932 2224 1099 2314 pertinere
1121 2223 1329 2290 Buttmannns

237 2325 385 2392 Gramm.
418 2325 450 2409 §.
476 2325 539 2394 1⁰6
570 2337 640 2394 not.
665 2329 697 2394 7
717 2327 803 2393 bene
831 2325 1086 2414 demonstrauit,
1122 2326 1206 2392 miro
1235 2339 1328 2392 ιιιιαι

236 2448 318 2496 nasu
341 2427 491 2520 neglexit
513 2429 578 2496 0d.
601 2457 636 2510 r,
661 2431 744 2515 111,
782 2428 861 2513 nbi,
895 2429 1023 2495 etiamsi
1053 2428 1184 2515 ἁιέχησι
1205 2429 1246 2496 ed
1266 2449 1328 2494 eoa·

233 2529 423 2619 jurativum
443 2555 598 2612 revoces,
620 2543 729 2599 temen
751 2531 872 2616 φέρηαι
892 2544 925 2598 et
938 2534 1095 2616 βρίθῃσι
1091 2557 1152 2628 pro
1166 2530 1327 2598 indicativo

239 2657 311 2702 esse
342 2659 439 2725 aegre
465 2637 652 2724 negaveris.
713 2633 867 2702 Ceterum
889 2659 963 2700 eum
985 2636 1098 2700 locum
1118 2656 1187 2700 non
1209 2633 1279 2701 ab
1268 2652 1329 2721 rpso

237 2736 384 2804 Homero
406 2738 590 2828 profectum
613 2761 687 2804 esse
708 2761 900 2826 persuasum
922 2738 1092 2804 habemns.
1136 2736 1177 2801 In
1200 2731 1329 2826 Hymuis

237 2839 425 2906 Homericis
446 2838 588 2915 XXXI,
613 2839 654 2906 16
676 2850 710 2904 et
730 2839 879 2923 XXXII,
902 2840 923 2906 5
947 2853 1025 2905 sunt
1044 2839 1186 2922 πέμπῃσι
1209 2849 1242 2904 ιι
1264 2837 1331 2900 στίλ-

237 2949 333 3023 finos,
366 2941 434 3007 vid.
459 2941 623 3024 Franci„
657 2940 743 3032 apud
765 2935 998 3030 Bacchylidem
1028 2943 1071 3008 fr.
1097 2941 1138 3007 16
1161 2940 1234 3027 (21)
1260 2935 1331 3002 hdi-

198 3060 201 3066 '
237 3067 336 3122 πησι,
372 3055 408 3110 ut
427 3041 674 3110 Alexandrinos
697 3043 751 3108 hic
774 3044 972 3112 omittamus.
1027 3044 1084 3109 Ad
1114 3067 1212 3133 quam
1243 3041 1332 3129 igitur

237 3144 414 3212 dialectum
436 3164 493 3212 eae
521 3148 645 3213 formae
675 3147 866 3213 referendae
895 3159 990 3232 sunt,
1027 3146 1055 3212 si
1086 3167 1153 3210 non
1183 3145 1224 3210 ad
1245 3136 1330 3207 Dori-

238 3249 335 3315 eaml
377 3245 497 3315 DIeam
520 3250 611 3340 quod
633 3249 751 3316 sentio.
805 3250 845 3315 ln
867 3250 979 3316 uerbis
1001 3247 1178 3315 contractis
1200 3247 1288 3324 ιόησι
1307 3250 1332 3304 et

237 3506 289 3564 ileu
306 3513 436 3576 τοιαῦτα,
461 3505 492 3560 αὖ
506 3504 631 3579 Ῥηφίιωι
648 3507 696 3562 aial
714 3504 786 3560 oillei
801 3506 901 3562 ’Iuleae
937 3509 1027 3563 Recte
1045 3509 1278 3564 Schneidewinos
1296 3503 1331 3556 in·

238 3597 354 3672 tellexit
371 3613 420 3659 ea,
445 3611 517 3663 quae
535 3596 666 3650 dicuntur
685 3596 721 3649 de
739 3595 881 3650 schemate
900 3596 1025 3666 Ibyeeo,
1050 3597 1123 3650 male
1142 3599 1179 3651 ah
1199 3589 1334 3650 narrastis

237 3683 436 3750 Heraclidem,
455 3681 559 3750 quibus
578 3693 751 3751 repugnant,
773 3682 937 3736 intermixta
956 3699 1026 3740 esse.
1048 3711 1075 3722 -—
1116 3685 1162 3740 Et.
1181 3685 1220 3738 Μ.
1237 3683 1295 3744 6511,
1311 3678 1333 3738 δι

237 3781 386 3841 postquam
405 3771 442 3824 de
466 3771 632 3842 παμφαίνῃσι
654 3780 684 3823 et
705 3771 792 3844 ἔχῃσι,
829 3770 878 3838 qui
905 3770 1075 3838 conjunctivi
1103 3782 1213 3838 essent,
1245 3781 1302 3820 enm
1327 3783 1334 3808 ι

237 3857 345 3912 subscr.
371 3855 533 3911 scribendis
557 3867 740 3928 praeceptum
765 3870 830 3912 est:
867 3857 887 3928 ἢ
909 3859 962 3912 ἐστι
985 3859 1081 3920 oetan,
1108 3860 1218 3920 φαίνεις,
1243 3855 1332 3917 naim·

236 3946 362 4014 διαλέκτῳ
378 3941 535 4014 δὺῬηγὶιιισ
552 3943 682 4018 γράφεται
697 3943 729 4000 τὸ
743 3947 834 4018 τριτον
849 3943 990 4019 πρόςωπον
1007 3943 1050 3998 διὰ
1071 3949 1120 3996 τοῦ
1135 3949 1156 4016 ᾗ
1172 3941 1290 4008 aaaron
1304 3937 1332 3986 ῖ·

237 4030 269 4085 τὸ
286 4030 338 4105 γὰρ
356 4038 410 4086 uoci
425 4033 470 4084 καὶ
486 4035 557 4094 φιλεῖ
571 4036 645 4106 sopior
661 4035 706 4084 καὶ
723 4036 812 4105 φιλῇσι
831 4034 948 4098 λέγουσιν
965 4033 1055 4098 derbes
1078 4034 1231 4098 πλιαιαιμᾷ
1243 4029 1288 4094 (ἧς
1305 4021 1335 4073 ἦ

235 4117 377 4190 συλλαβῆς.
415 4115 484 4172 οὕτω
503 4121 547 4171 καὶ
564 4117 596 4174 τὸ
614 4120 795 4191 παμφαὲιῃσιι
809 4118 922 4178 Ἰλιάδος
941 4122 967 4182 t,
991 4135 1064 4186 quae
1083 4121 1198 4173 confusa
1215 4129 1268 4170 esst
1286 4123 1334 4176 ⁸P·

238 4218 328 4276 paret.
348 4235 381 4248 -·
418 4206 464 4260 De
482 4206 592 4277 Ibyceo
610 4205 750 4259 schemate
769 4205 826 4260 vid.
845 4205 951 4260 Herod.
973 4225 1033 4279 usp.
1051 4223 1129 4275 σχημ.
1150 4224 1177 4278 p.
1193 4207 1227 4258 8⁰
1242 4193 1336 4252 uina..

235 4294 362 4350 Lesbon.
381 4309 410 4364 p.
426 4296 477 4351 1⁷9
499 4291 618 4362 Valck„
637 4292 746 4348 Scholl.
768 4291 842 4350 Ven.
861 4293 944 4346 Ham.
965 4293 1000 4351 11.
1019 4313 1046 4360 ι,
1064 4295 1091 4347 6.
