2726 4820
212 373 242 464 h.
267 375 326 452 33.
384 378 440 450 De
468 376 619 476 reliquis
645 377 938 473 pronominibus.
1051 379 1129 456 275

40 581 120 659 αὐτός
139 581 376 650 indeclinabile
396 581 544 653 habitum
567 583 631 668 sit,
665 585 725 675 qni
752 610 835 656 usus
855 586 985 655 medius
1007 600 1058 656 est
1079 590 1128 656 iu·

39 697 79 754 ter
96 685 163 770 μετ’
187 683 288 760 adroic
312 683 458 768 (oriende)
480 683 581 750 αὐτῶν
602 697 635 752 et
653 687 721 770 μετ’
746 688 914 756 αὖταυταῖα.
1016 747 1019 752 .
1086 765 1089 770 Ι

111 788 185 856 dam
206 811 285 855 vero
309 787 509 876 geminatum
539 788 649 868 αὐτός,
686 789 757 858 sive
784 815 882 860 voces
910 802 1129 859 secernuntur

39 885 101 976 (nee
121 903 191 958 tum
212 889 442 958 collocationis
465 890 548 957 ratio
570 891 750 958 discrimen
772 893 886 980 efficit)
912 894 981 962 sive
1004 895 1128 962 Dorice

38 995 64 1058 in
90 1019 187 1060 unam
214 994 421 1070 coalescunt,
459 993 614 1062 reflexion
640 1005 800 1085 potestate
828 998 932 1066 utitur
959 1009 1126 1077 coaucta,

38 1098 111 1184 quod
133 1110 166 1165 et
189 1096 334 1184 subjecti
356 1106 388 1162 ct
410 1096 532 1184 objecti
560 1097 650 1165 notio
678 1101 874 1188 pronomine
897 1099 990 1176 αὐτός
1012 1099 1127 1166 distin·

38 1199 147 1287 guitur.
214 1201 331 1291 ltaque
363 1201 432 1276 eric
473 1199 626 1276 αὐταύτας
660 1204 770 1287 χερσίν
809 1214 862 1270 est
892 1204 904 1269 i
912 1227 987 1294 pa
1021 1202 1127 1270 mais

38 1301 163 1391 ipsius
184 1303 394 1389 manibus,
429 1305 630 1368 πεπαίδευται
652 1303 710 1367 ὑπ’
732 1304 886 1382 αὐταύτας
914 1329 933 1372 a
963 1328 1008 1371 se
1030 1307 1126 1395 ipsa

39 1407 115 1471 sola
144 1405 360 1472 instituta
392 1417 467 1471 cst.
524 1405 724 1473 Recentiore
753 1419 862 1474 tamen
891 1419 1038 1498 tempore
1069 1407 1126 1472 αὐ-

37 1506 133 1574 rmlrou
166 1508 314 1599 emphasi
344 1507 470 1595 abjecta
499 1507 544 1573 ita
572 1533 633 1597 pro
662 1509 807 1599 simplici
836 1509 991 1576 reflexivo
1013 1510 1127 1578 baberi

38 1621 173 1701 coeptum
195 1621 267 1694 est,
301 1620 338 1675 nt
368 1610 465 1675 etiam
493 1609 626 1675 tertium
650 1609 745 1686 αὐτός
766 1611 842 1677 nddi
864 1622 996 1700 posset,
1028 1614 1125 1701 eujus

37 1735 105 1777 usus
125 1713 274 1802 exempla
295 1735 394 1800 snpra
416 1711 632 1801 apposuimus
655 1709 749 1778 Stob.
772 1713 810 1797 1,
833 1713 875 1779 75
899 1711 977 1776 αὐτὰ
999 1714 1044 1777 δι’
1067 1715 1126 1779 αὕ-

37 1839 117 1879 ταυτα
138 1827 171 1881 ct
194 1813 289 1879 odedu
310 1813 355 1877 δι’
379 1812 550 1893 edendune,
583 1814 693 1898 CXV,
716 1815 759 1882 27
782 1813 876 1889 αὐτᾶς
897 1814 1058 1880 ordeaceos.
1082 1857 1124 1868 —

38 1913 70 1980 si
93 1941 165 1984 vero
197 1916 403 2007 pronominis
431 1927 577 2007 potestas
606 1917 762 1984 reflexion
790 1927 860 2000 est,
904 1941 970 1984 nou
1000 1918 1124 1985 rectius

36 2018 222 2106 Apollonius
244 2019 481 2086 nominativum
512 2019 663 2095 αὔταυτος
691 2020 810 2105 fiuxit,
858 2044 958 2111 quam
989 2021 1019 2087 si
1048 2022 1124 2111 quio

38 2121 171 2204 ἐμαυτός,
195 2121 321 2200 inuris,
347 2121 474 2199 ἄλληλα
495 2122 619 2210 fingere
635 2123 727 2189 velit.
772 2122 890 2214 Neque
911 2123 1124 2212 intelligitur,
1230 2147 1231 2154 ¹

38 2245 91 2312 quo
106 2226 178 2312 jure
200 2235 357 2290 accentus
378 2225 572 2292 retrahatur.
626 2225 703 2292 Non
731 2225 937 2310 dubitamus,
970 2227 1053 2316 quin
1083 2251 1125 2292 ox

38 2325 116 2403 αὐτὸς
137 2325 234 2393 αὐτοῦ
255 2328 377 2392 laetum
400 2325 443 2393 sit
466 2326 637 2406 αὐταατοῦ,
667 2350 735 2393 non
758 2327 920 2394 αὐταύτου.

107 2431 219 2521 ltaque
242 2429 312 2516 jam
341 2429 486 2520 praecipi
515 2440 664 2519 oportet,
707 2430 935 2498 Doriensibus
957 2434 1123 2522 peculiare

37 2529 127 2599 luisse
153 2529 334 2623 pronomen
365 2531 577 2607 rodericum,
611 2532 701 2620 qnod
723 2533 765 2597 ad
786 2556 900 2599 omues
921 2546 990 2600 tres
1011 2560 1122 2625 perso·

36 2655 83 2698 uas
102 2659 204 2725 aeque
225 2633 342 2700 relerri
365 2645 498 2723 posset,
521 2633 600 2698 olim
622 2634 861 2723 emphaticam,
890 2647 1003 2724 postea
1026 2637 1081 2703 vix
1104 2663 1122 2704 a

35 2735 211 2826 vulgaribus
240 2735 407 2802 rellcxivis
437 2746 596 2827 potestate
629 2735 816 2820 diversum,
851 2737 951 2827 idque
979 2741 1038 2806 bae
1066 2741 1122 2806 lle·

34 2860 117 2904 moue
137 2863 255 2908 usuma

35 2981 105 3050 Gen.
129 2985 217 3078 sing.
245 2985 473 3067 adrumetini),
519 2983 696 3060 αὐταυτᾶς,
743 2981 951 3066 αὕταυτοῦ(ῶ)

33 3085 101 3154 Ace.
145 3129 186 3140 -
243 3087 414 3176 αὑταατόν,
522 3085 694 3172 chonosolo,
741 3085 873 3153 αὐταυιό
897 3089 948 3154 vel
972 3088 1121 3158 αὗταυτόν

34 3187 101 3258 Gen.
124 3193 211 3282 plur.
239 3189 414 3268 αὑτααταῖα,
520 3189 693 3267 adsumam,
741 3187 910 3254 αὗταυταῖα.

31 3337 234 3435 Reliquorum
265 3367 398 3411 casuum
429 3345 512 3411 ratio
549 3343 647 3410 facile
684 3354 828 3433 apparet.
888 3346 1120 3414 Accusativum

32 3449 166 3514 nennius
200 3447 332 3536 generis
366 3445 497 3514 αὖταατό
527 3471 625 3536 supra
647 3447 815 3524 attwrrlimus
838 3471 878 3513 ex
900 3447 994 3513 Stob.
1019 3451 1055 3525 l,
1079 3451 1121 3515 75

31 3557 58 3610 et
75 3550 218 3616 indidem
242 3549 404 3616 αὐταυτόν.
459 3549 523 3616 llla
557 3550 662 3616 forma
683 3549 793 3616 verior
815 3562 866 3615 est
887 3562 920 3614 et
941 3551 1118 3641 antiquior.

101 3651 138 3739 6)
183 3653 424 3720 Relativum
449 3653 590 3740 simplex
612 3651 698 3740 apud
716 3652 896 3718 Dorienses
919 3663 1001 3719 teste
1016 3653 1119 3743 Apol·

29 3747 107 3822 lunio
132 3751 216 3842 (vid.
241 3767 309 3822 not.
334 3752 367 3842 1)
389 3754 424 3819 in
448 3754 648 3826 nominativo
673 3755 791 3843 plurali
814 3755 910 3820 modo
932 3782 948 3816 τ
970 3755 1121 3843 praefigit

29 3855 113 3924 uodo
135 3858 289 3948 spiritum
308 3881 462 3947 asperum
486 3867 613 3937 urunt,
648 3881 746 3944 quam
776 3859 897 3922 formae
927 3857 1120 3946 ambiguitu·
1175 3937 1177 3940 Ι

30 3961 83 4021 teu
113 3973 249 4050 excepto
278 3960 479 4026 nominativo
509 3958 673 4045 singulari
704 3957 879 4023 masculini
906 3970 939 4023 et
968 3961 1119 4026 feminini

29 4057 156 4152 reliquis
179 4063 313 4128 ensibus
335 4082 541 4127 communem
566 4061 692 4142 luisse,
720 4060 797 4137 uel,
833 4073 869 4127 ut
890 4061 1012 4127 rectius
1032 4063 1120 4127 dica·

29 4177 111 4246 mus,
145 4165 309 4252 genuinae
330 4164 451 4231 Doridi
481 4165 618 4229 licuisse
649 4164 798 4230 articulo·
817 4188 878 4253 pro
901 4165 1037 4231 relativo
1059 4164 1120 4242 nti,
1227 4223 1230 4228 .

30 4265 169 4334 etitulis
198 4281 231 4335 et
259 4265 476 4356 scriptoribus
508 4266 587 4332 salis
617 4277 761 4356 apparet.
815 4266 899 4332 Nam
933 4266 968 4332 iu
1000 4265 1120 4332 tabulis

863 4395 922 4460 18·
