2746 4818
55 359 152 452 038.
178 361 235 432 Da
254 383 371 454 praes.
393 373 573 454 coutraet.
594 371 629 432 et
649 357 762 430 futur.
780 353 1042 454 conjugatione.
1070 355 1146 432 309
1207 445 1210 456 Ι
1322 443 1324 458 Ι

130 562 383 651 coujugationis
399 564 586 652 paradigma
610 583 774 654 apponere
794 562 830 626 in
849 572 938 628 tauta¹
957 563 1146 644 formarum,

54 693 132 757 quae
155 666 272 756 partim
302 665 393 754 ipsae
422 667 599 754 leguntur,
644 665 763 756 partim
793 674 879 728 certa
909 664 1060 752 analogia
1092 664 1146 726 de·

53 779 289 850 monstrantur,
326 767 556 834 difficillimnm
586 791 647 832 uec
672 767 751 832 satis
774 765 855 831 utile
879 765 1017 829 videtur.
1071 761 1147 828 Sin·

53 873 142 959 gulas
172 871 294 936 formas
324 893 342 932 e
370 871 497 959 regulis
525 869 704 960 propositis
735 867 830 932 laeile
860 866 1052 930 formaveris
1074 876 1147 928 ete

53 973 80 1057 ἕ.
103 975 158 1041 25.
182 972 236 1038 26.
266 973 305 1038 21
338 972 497 1061 exenrplis
529 971 744 1040 adstruxeris.
803 967 918 1032 Solum
951 967 1145 1056 praesentis,

52 1099 190 1165 quocum
212 1075 358 1138 futurum
382 1074 551 1156 conciuit,
589 1073 803 1148 indicativum
827 1067 983 1158 objaetiai
1007 1091 1147 1158 appone-

52 1202 120 1244 mus
127 1227 147 1256 „
163 1177 251 1242 uude
274 1175 391 1264 iugens
414 1178 587 1241 formarum
612 1175 752 1240 varietas
773 1182 939 1263 appareat.

53 1315 144 1404 Siug.
158 1315 189 1379 l.
236 1313 331 1394 φιλέω
354 1349 394 1364 -
420 1315 502 1394 φιλῶ
523 1354 563 1362 -
588 1313 680 1394 φιλίαν
703 1333 772 1375 sev.

152 1417 185 1483 2.
232 1418 330 1498 φιλεῖς
351 1457 393 1466 -
416 1417 503 1497 φιλές

153 1517 185 1583 3.
231 1519 316 1602 (polsi
487 1519 501 1540 ”

53 1621 140 1687 Plur.
155 1621 185 1687 1.
233 1621 375 1702 φιλὲομες
393 1659 433 1667 -
457 1619 604 1696 φιλαῦμες
615 1614 686 1679 mit.
706 1653 747 1664 -
770 1619 970 1696 φιλεῦμες-
994 1621 1146 1700 saliuosa,

314 1723 478 1803 φιλλωμες,
504 1720 638 1800 ualuisse
660 1739 728 1781 sev.

154 1825 187 1891 2.
234 1826 347 1906 φιλεῖτε
371 1821 442 1885 mit.
466 1859 505 1869 -
532 1822 637 1901 φιλῆιε
662 1843 729 1882 sev.

155 1925 188 1990 3.
233 1928 368 2008 φιλέοντι
390 1963 430 1972 -
460 1925 599 2003 φιλοῦντι
623 1918 692 1984 ruit.
717 1961 757 1970 -
786 1921 921 1998 φιλεῦντι
942 1960 983 1968 -
1017 1921 1148 2000 oollam

315 2039 347 2094 ei
371 2025 489 2108 φιλόντι
513 2049 581 2090 sev.

132 2211 169 2276 2λ
201 2207 311 2272 Verba
335 2205 369 2271 io
390 2231 436 2268 αω
458 2228 555 2294 quaro
576 2193 807 2266 contractionis
830 2193 987 2261 rationem
1012 2217 1149 2282 sequau-

53 2325 123 2392 tur,
145 2312 181 2375 iu
205 2313 236 2393 ξ.
253 2313 296 2376 24
318 2307 502 2398 expositum
526 2315 586 2370 est.
631 2299 777 2366 Voeales'
798 2320 963 2386 nunquam
987 2318 1053 2360 nou
1077 2319 1148 2360 coa·
1179 2353 1181 2366 ‚

53 2415 197 2497 leseunt,
234 2424 270 2477 ut
293 2411 389 2476 etiam
412 2413 472 2474 luae
494 2407 534 2474 de
557 2430 653 2472 eausa
677 2401 817 2478 ἀπήλααν
840 2399 984 2486 Lysistr.
1010 2398 1090 2464 1001
1114 2397 1149 2462 in

54 2516 195 2594 ἀπήλααν
219 2515 409 2580 mutandum
431 2513 474 2576 sit
495 2512 561 2576 i.e
598 2505 761 2582 ἀπήλασαν
783 2501 851 2567 vid.
877 2503 908 2582 §-
931 2501 965 2581 9,
989 2500 1021 2564 3.
1068 2497 1149 2564 Coa.-
1210 2509 1211 2513 ’

53 2619 181 2684 leseunt
209 2629 315 2682 autem
348 2639 382 2680 aa
415 2626 447 2680 et
480 2639 519 2689 αη
550 2610 672 2698 ubique
705 2607 738 2670 in
768 2632 806 2680 η,
842 2601 962 2665 deinde
986 2626 1026 2666 αο
1049 2610 1081 2664 et
1104 2627 1150 2664 αα

52 2746 148 2811 saepe
171 2721 205 2786 iu
231 2727 268 2796 ἆ,
293 2744 358 2784 non
376 2740 513 2804 semper.
562 2712 709 2776 Primum
731 2705 819 2770 euim
844 2703 961 2790 stirpes
982 2702 1148 2790 monosyl-

51 2826 168 2907 labae,
204 2826 320 2900 allai,
345 2824 406 2895 ζῶ,
433 2821 499 2900 eu,
532 2817 572 2880 de
595 2811 715 2903 quibus
735 2808 811 2874 vido
834 2809 865 2890 ξ.
890 2805 949 2885 42,
982 2830 1023 2869 oe
1047 2805 1148 2868 ullum

53 2929 187 3016 quidem
211 2927 282 3012 ejus
304 2915 537 2988 contractionis
559 2914 701 2980 Doricae
728 2909 904 2997 vestigium
927 2917 1061 2992 tenent,
1097 2907 1149 2970 ‹le-

51 3031 218 3094 iudanon
243 3026 347 3114 magis
373 3003 659 3112 plurisyllabaruni
682 3038 738 3082 eae
760 3013 902 3092 formae,
936 3031 1073 3099 quarum
1101 3008 1150 3073 ul·

53 3133 152 3197 timae
177 3129 324 3218 syllabae
354 3112 800 3206 eontraetioue‘tanguutur,
835 3125 873 3176 ut
901 3115 995 3187 νικῶ,
1031 3113 1149 3186 ἐνίκων,

50 3240 150 3300 νικῶν
184 3231 272 3320 (nasu
302 3228 473 3319 partieipia
496 3229 602 3308 γελᾶν,
637 3224 706 3286 ἐλᾶν
728 3243 744 3320 a
770 3212 990 3305 grammaticis
1012 3235 1150 3276 eorume-

51 3347 176 3404 ruorata
199 3362 217 3402 e
239 3330 379 3423 reliquia
402 3329 554 3410 casibus,
577 3335 612 3392 ut
633 3325 789 3406 yalaivsrc,
815 3319 932 3389 ἰλᾶντες
951 3314 1024 3379 fieta
1038 3313 1150 3378 virleu-

50 3444 146 3524 tur),
170 3451 334 3530 postremo
357 3433 452 3498 etiam
477 3431 512 3493 in
535 3425 652 3492 mediis
674 3420 812 3512 syllabis
836 3417 979 3506 genuina
1002 3412 1104 3479 Doris
1127 3439 1151 3475 ω

50 3567 121 3608 nou
146 3540 282 3604 omniuo
304 3535 470 3625 respuisse
494 3531 632 3596 videtur.

141 3640 316 3730 Optatiana
348 3637 446 3702 modo
473 3635 626 3719 vulgares
655 3621 902 3693 terminationes
933 3614 1151 3705 assumpsisse

49 3745 204 3822 videtur,
235 3753 272 3805 ut
292 3743 366 3820 νικῷ
388 3738 497 3803 Alem.
523 3735 563 3800 54
586 3729 680 3818 (83),
710 3731 740 3792 si
760 3725 797 3790 in
819 3733 907 3788 tauta
930 3719 1152 3808 exemplorum

48 3845 194 3938 penuria
215 3843 376 3908 Alcmana
400 3838 447 3903 uti
471 3835 566 3917 lieet,
591 3838 680 3913 λῷιε,
704 3827 794 3916 quod
816 3824 935 3914 Epieh.
955 3820 996 3886 58
1018 3821 1152 3910 agnosci

48 3974 154 4040 posse
175 3947 325 4027 videtur,
358 3942 453 4008 ruodo
479 3939 626 4017 Atticas,
650 3939 685 3996 ut
706 3929 767 4011 λῴη
791 3927 910 4022 Epieh.
928 3924 1000 3990 137.

140 4051 195 4117 De
226 4071 316 4114 nonu
355 4047 459 4110 lorum
491 4039 663 4107 verborum
694 4032 735 4096 ad
765 4024 1026 4129 conjugationem
1056 4025 1089 4088 in
1114 4049 1153 4086 ao

47 4153 196 4220 transitu
217 4175 295 4216 mox
319 4149 477 4212 dieamus.
523 4139 621 4205 Nune
639 4136 735 4201 etiarn
757 4131 810 4197 hie
833 4126 1046 4195 indicativum
1064 4150 1154 4215 prae·

47 4256 173 4336 seutis,
187 4251 342 4340 objettivi
366 4246 507 4335 exempli
530 4263 627 4306 eausa
650 4256 889 4328 proponemusa
