2746 4818
223 374 301 454 368
394 374 428 468 b.
445 372 506 454 44.
544 377 602 450 De
621 371 807 450 adverbiis
822 374 897 450 loei
916 389 952 448 et
970 367 1162 472 temporis.

226 607 267 646 αα
290 579 369 658 dein
392 577 554 670 repetitur
574 577 600 644 i.
624 602 654 644 e.
686 581 993 667 qnovolnerit.
1049 577 1316 669 ltemepndlle·
1361 566 1362 618 1

225 684 375 771 syebium
397 705 458 772 pro
482 679 603 762 ἇμύς,
636 682 733 766 ὁμοῦ,
758 679 814 746 ode
837 680 919 762 αὐτῷ
940 683 1081 748 fortusse
1103 681 1266 771 corrigere
1283 680 1315 745 li-
1361 679 1362 682 '

226 795 278 852 eet
302 786 443 867 ἁμοῖς,
475 785 572 865 ὁμοῦ,
602 807 704 873 quum
728 807 760 848 αι
780 793 813 848 ct
833 809 852 846 v
873 783 961 872 opud
984 783 1191 871 Hesyehinm
1211 781 1315 872 promi·
1362 828 1363 864 ,

227 911 306 952 seua
330 887 409 952 sint.
455 885 495 950 Iu
519 885 668 970 ejusdem
690 887 803 972 glossa
824 885 978 970 ὕςειμι,
1009 887 1076 950 ἐκεῖ
1094 887 1234 967 βαδίζω,
1263 882 1315 948 iui-
1362 891 1363 920 ¹

225 990 309 1056 tium
330 989 485 1054 mutilum
506 1011 580 1052 esse
598 989 747 1072 videtur,
770 989 910 1054 fortusse
932 987 1042 1066 πήναις
1065 986 1126 1070 εἷμα
1147 998 1205 1054 ont
1223 984 1316 1063 τήνας

148 1137 151 1150 ,
226 1090 288 1172 εἶμι
319 1090 479 1178 seriptum
510 1100 590 1154 erat.
657 1089 808 1155 Dubium
838 1115 880 1156 ex
908 1090 998 1156 omni
1025 1100 1117 1180 parte
1147 1099 1199 1156 est
1227 1087 1316 1168 ἀλλῡς,

226 1193 317 1284 quod
338 1194 425 1283 apud
449 1191 703 1280 Theognostum
725 1192 817 1256 Anu.
843 1192 931 1258 Oxx.
954 1191 1008 1276 II,
1032 1193 1116 1274 164,
1140 1192 1184 1259 10
1212 1188 1315 1276 (Beki.
1363 1201 1364 1236 1

227 1293 328 1380 1316)
358 1295 444 1359 iuter
473 1292 627 1358 adverbia
655 1292 692 1357 in
713 1317 750 1368 ve
773 1294 926 1360 exeuntia
950 1294 1023 1360 siue
1044 1293 1180 1360 dialecti
1201 1292 1253 1360 vel
1271 1313 1317 1378 po·

214 1396 355 1463 testatis
377 1395 621 1483 significatione
643 1407 925 1464 commemoratur.
977 1397 1091 1462 Attice
1119 1392 1272 1460 adverbis
1288 1390 1318 1454 in
1364 1352 1365 1432 1

228 1525 259 1564 οι
284 1499 388 1586 sigma
411 1497 541 1584 ubjecto
563 1522 605 1565 ex
625 1497 870 1586 antiquioribus
892 1497 961 1565 illis
977 1499 1112 1584 formis,
1134 1493 1318 1589 quesDoris

229 1610 433 1683 seruauerat,
466 1611 542 1666 neta
564 1624 637 1666 esse
658 1609 812 1690 apparet,
843 1623 905 1666 nec
926 1626 1000 1680 ποι,
1031 1601 1119 1692 quod
1141 1601 1178 1666 in
1200 1599 1319 1665 foedere

226 1703 429 1791 Argivorum
460 1702 584 1792 legitur
605 1703 714 1768 Thur.
738 1701 785 1784 V,
808 1702 851 1767 74
881 1705 916 1766 αι’
943 1704 979 1766 δὲ
997 1729 1053 1770 ποι
1078 1704 1242 1784 στρατείας
1263 1699 1318 1784 δίῃ,
1365 1717 1366 1740 ³

227 1805 508 1889 damnaverimus,
533 1830 635 1895 quum
658 1804 812 1871 enclitice
834 1803 1097 1873 uoxbreviorem
1120 1806 1259 1872 ibrmem
1279 1802 1320 1881 ie·
1363 1805 1366 1834 ⁴

226 1909 326 1976 cilius
349 1930 515 1974 assumere
544 1907 691 1996 potuerit
722 1908 767 1972 et'.
796 1907 876 1972 infr.
900 1932 952 1972 nr.
977 1909 1030 1981 13,
1079 1907 1235 1976 Ceterum
1260 1904 1321 1976 παῖς

227 2036 246 2078 e
267 2011 347 2078 πόσε
368 2011 489 2076 fuctum
516 2008 782 2074 existimaverim.
1366 2031 1367 2040 ¹

313 2115 348 2194 8>
388 2111 610 2202 Frequentius
633 2111 686 2176 vel
708 2123 1004 2179 commemorentur
1025 2113 1080 2180 vel
1100 2113 1260 2202 leguntur
1276 2107 1321 2174 sd·

225 2215 339 2283 verbis
361 2215 397 2279 in
422 2241 462 2296 q,
486 2237 569 2302 quae
593 2236 693 2302 quum
716 2214 756 2278 sb
778 2215 962 2304 Apollonio
978 2221 1004 2297 ²)
1021 2216 1118 2302 juxta
1139 2225 1241 2304 atque
1261 2212 1322 2280 vol·

229 2318 319 2408 geria
340 2316 376 2382 in
398 2344 417 2404 ῃ
441 2317 551 2382 locum
578 2314 621 2388 iu
651 2339 770 2404 quem
800 2317 986 2383 describere
1008 2320 1215 2399 referentur,
1247 2312 1323 2382 baud

227 2443 302 2488 raro
324 2419 435 2485 locum
456 2417 527 2484 ubi
549 2418 697 2484 indicere
718 2417 884 2484 videntur.
937 2419 1056 2485 Itidem
1077 2420 1235 2486 adverbia
1255 2419 1321 2502 inq

226 2521 316 2588 iuter
346 2532 518 2613 utrumque
546 2522 716 2589 notionem
745 2520 898 2610 ambigue
926 2545 1000 2588 esse
1030 2532 1157 2588 constet
1189 2533 1226 2587 et
1249 2521 1322 2588 fler·
1368 2545 1369 2580 3

227 2649 368 2692 manuus
390 2624 431 2688 ad
452 2624 570 2712 Eurip.
594 2626 697 2691 Herc.
721 2626 786 2689 fur.
809 2623 893 2690 1236
915 2635 947 2689 et
969 2623 1011 2688 ed
1030 2625 1111 2716 vig,
1135 2649 1169 2712 p.
1194 2625 1260 2692 789
1279 2623 1325 2686 rei

229 2738 262 2794 ct
283 2731 328 2815 πῇ
348 2728 395 2793 ita
417 2726 549 2792 differre
572 2727 674 2809 dixit,
704 2737 742 2790 ut
763 2728 822 2790 ποῖ
840 2737 961 2792 motum
982 2737 1093 2810 notet,
1123 2727 1182 2816 qui
1202 2729 1243 2794 fit
1262 2749 1324 2793 ver·

229 2853 286 2894 sus
308 2829 453 2917 aliquem
474 2829 603 2910 locum,
625 2832 670 2916 πῇ
693 2828 792 2894 simul
814 2839 847 2893 et
867 2839 989 2894 motum
1011 2830 1109 2894 telem
1132 2842 1166 2896 et
1187 2831 1325 2920 quietem

228 2929 295 2996 isto
315 2930 352 2996 in
374 2931 469 3008 loeo,
503 2952 568 3020 quo
590 2930 668 3020 quis
689 2929 806 2994 tendit.
850 2929 922 2996 Nos
946 2929 1144 3010 discrimen,
1171 2933 1264 3022 quod
1282 2931 1326 2996 iu·

227 3032 366 3098 tercedit
387 3034 474 3098 inter
494 3032 608 3097 Attice
628 3034 686 3097 ποῖ
706 3043 738 3097 et
758 3036 819 3120 πῇ,
842 3031 966 3098 Dorica
987 3037 1061 3110 παῖς
1083 3045 1116 3100 et
1136 3039 1195 3116 πᾷ,
1217 3033 1327 3124 paullo

229 3133 326 3199 aliter
346 3133 570 3203 definiendum
602 3155 774 3202 censemus
802 3134 870 3200 ita:
902 3137 961 3201 ποῖ
978 3145 1012 3202 et
1031 3137 1102 3211 παῖς
1123 3148 1251 3202 motum
1274 3159 1327 3202 no·

227 3247 318 3318 tunt,
354 3260 419 3325 quo
440 3235 568 3326 aliquid
591 3234 632 3299 ed
659 3234 762 3300 elium
793 3238 901 3302 locum
931 3237 1093 3324 defertur,
1138 3242 1185 3327 πῇ
1212 3250 1247 3304 et
1273 3243 1327 3320 πᾷ,

227 3361 437 3428 quorsus,
468 3362 582 3428 quum
605 3348 764 3427 partem
785 3359 951 3424 versus,
985 3343 1069 3408 nack
1090 3343 1226 3407 welcter
1247 3343 1328 3408 Seite

227 3443 302 3519 tin,
326 3441 495 3530 regionem
514 3440 724 3526 describunt,
748 3465 816 3532 quo
836 3441 965 3532 aliquid
989 3465 1184 3510 conversum
1205 3453 1260 3510 est
1280 3442 1329 3508 vel

228 3557 329 3633 quum
351 3553 501 3610 movetur
520 3543 574 3609 vel
595 3567 698 3634 quum
722 3567 820 3609 suum
840 3545 950 3612 locum
978 3546 1185 3612 immutatum
1206 3555 1329 3612 tuetur.

263 3838 290 3898 ’1)
325 3836 459 3907 Apollon.
482 3835 520 3891 de
543 3837 607 3894 adv.
626 3842 692 3906 625,
713 3841 755 3895 10.
790 3835 826 3890 τὰ
850 3834 895 3890 διὰ
918 3839 968 3890 τοῦ
989 3839 1006 3906 ἢ
1031 3835 1100 3903 (leg.
1119 3839 1148 3909 ᾗ)
1174 3835 1330 3909 denudum

227 3919 330 3996 τροπὴν
354 3926 456 3986 μᾶλλον
482 3921 531 3995 τὴν
553 3925 597 3979 διὰ
621 3932 671 3980 τοῦ
696 3929 716 3980 αἶ
738 3927 919 3996 παραδέχεται
933 3921 955 3994 ἢ
971 3922 1020 3994 τὴν
1038 3921 1083 3976 dui
1102 3926 1152 3976 τοῦ
1167 3923 1214 3990 Ξῖ,
1244 3923 1330 3996 κάκῃ

227 4008 333 4077 πάντα,
360 4008 429 4085 ἄλλῃ
446 4009 518 4080 ἄλλα
535 4013 603 4082 (leg.
623 4016 714 4082 παντᾷ
732 4024 760 4068 et
776 4010 875 4080 erte),
904 4011 1072 4079 quibuscum
1092 4010 1192 4063 confer
1217 4027 1249 4080 p.
1270 4013 1331 4074 616,

229 4100 278 4158 13,
296 4094 346 4150 ubi
363 4101 402 4170 πῇ
419 4109 449 4151 et
465 4116 493 4168 p.
505 4101 576 4167 614,
595 4103 638 4162 31,
656 4099 706 4153 ubi
723 4089 742 4172 ᾖ
759 4098 852 4152 locum
869 4098 906 4150 iu
924 4113 1029 4166 quem
1047 4095 1212 4164 siguificare
1232 4097 1333 4152 dicuu-

229 4193 285 4238 tur.
305 4212 338 4224 -
374 4185 418 4240 Et.
438 4185 474 4239 G.
493 4189 561 4248 464,
579 4189 623 4242 44.
659 4190 699 4257 πῆ
723 4213 765 4244 ·-,
785 4184 810 4240 oi
826 4186 934 4261 Δωριεῖς
958 4183 1005 4240 διὰ
1025 4187 1075 4238 τοῦ
1097 4181 1196 4238 <irini
1210 4189 1265 4239 τοῦ
1281 4189 1335 4240 κοῦ

227 4269 248 4340 ἢ
265 4269 329 4326 πότε
348 4271 417 4341 (leg.
436 4271 519 4344 παῖῆ
536 4272 621 4342 πόσε).
